4250 5900
953 658 1055 717 ANNO
1078 645 1161 713 ¹637
1561 649 1622 713 ¹87

626 899 699 946 litte
724 899 851 946 utoostt
875 902 894 947 Δ
919 901 1059 949 mentula
1082 902 1233 949 onrttttSto
1256 905 1274 946 Α
1300 902 1490 951 AUSTERDAM

770 1115 905 1196 Pariqi,
929 1117 970 1182 21
996 1116 1166 1184 Novembre
1192 1120 1275 1187 1637
1302 1119 1347 1206 (1)

564 1314 638 1367 Delie
656 1317 752 1367 nolizis
768 1319 884 1369 ricerdis
900 1316 968 1367 dolls
987 1319 1142 1382 improuiso
1159 1322 1245 1368 morto
1261 1319 1303 1369 dol
1319 1320 1423 1380 lioslio,
1441 1326 1497 1373 troo
1514 1337 1554 1374 ss·

564 1394 690 1454 gamonio
710 1389 735 1438 dl
750 1389 897 1442 sallecltaro
913 1390 1061 1442 Possessio
1078 1391 1102 1441 sl
1118 1392 1219 1457 visggio
1235 1391 1341 1443 d'llslis
1352 1397 1435 1456 prims
1451 1397 1501 1446 che
1517 1413 1554 1448 un

562 1468 642 1532 opum
657 1468 711 1518 tato
726 1469 802 1533 culpo
818 1468 837 1518 il
854 1469 961 1519 vecchio
978 1469 1011 1519 cd
1032 1470 1146 1518 informo
1161 1468 1271 1519 Gsiiieo.
1313 1486 1320 1504 ·

577 1709 678 1775 Rimas
704 1719 775 1774 luas
800 1711 908 1776 literas
927 1715 1040 1795 accepi,
1071 1713 1124 1777 l'ir
1146 1714 1336 1788 Clarissime,
1357 1731 1495 1796 quarum
1519 1717 1626 1780 nocis-

490 1829 572 1893 sim'a
594 1828 630 1891 de
651 1829 834 1894 nobilissimi
854 1827 946 1895 Beali
966 1832 1053 1895 obita
1076 1833 1190 1896 certior
1210 1832 1325 1914 [actus.
1347 1833 1470 1914 inpenti
1484 1851 1624 1899 mamare

492 1955 638 2027 concepto
658 1949 810 2011 attonitus
831 1949 968 2022 substiti,
989 1949 1106 2032 publici
1128 1950 1223 2013 uestri
1243 1956 1345 2014 status
1368 1958 1397 2013 et
1421 1951 1536 2031 nepotii
1566 1970 1625 2017 nc·

493 2064 553 2126 stri
577 2059 743 2144 Galilaiani
764 2067 798 2127 in
821 2066 917 2147 liujus
940 2069 1002 2130 ciri
1031 2076 1163 2132 martem
1197 2047 1350 2132 mennam
1367 2070 1541 2148 pensitans.
1565 2067 1624 2132 Se-

492 2184 579 2246 rium
600 2200 717 2264 nempe,
740 2184 768 2246 si
791 2184 866 2247 bene
886 2185 1078 2249 advertimus
1102 2183 1250 2268 (praeter
1272 2183 1458 2249 desiderium
1472 2186 1625 2266 insperati

494 2301 612 2386 casus)
648 2299 735 2366 nobis
759 2303 833 2367 binc
865 2304 1021 2366 monitum
1051 2305 1202 2385 emerpit,
1228 2304 1359 2367 similem
1387 2304 1545 2379 uidelicet,
1573 2303 1626 2367 sed

435 2437 439 2448 ’
493 2423 592 2486 multo
607 2422 837 2503 procliviorem,
860 2421 1053 2504 sinpulispue
1072 2422 1237 2486 momentis
1259 2422 1299 2504 [in
1321 2422 1435 2503 optimo
1461 2431 1490 2486 et
1517 2422 1625 2505 effoeto

492 2547 601 2602 nostro
623 2556 696 2602 sene
720 2537 893 2602 timendum
916 2548 1083 2612 euentum,
1107 2539 1195 2603 omni
1216 2546 1312 2619 rupta
1344 2555 1434 2603 mora
1458 2538 1626 2622 plusquam

493 2658 627 2721 nimium
639 2658 789 2721 bactenus
806 2653 909 2741 (pnad
924 2665 952 2719 et
971 2657 1035 2739 ipse
1048 2665 1159 2737 sponte
1174 2674 1261 2721 nunc
1277 2656 1441 2741 apnoscis)
1452 2665 1626 2737 protracta,

493 2775 648 2840 industrie
681 2785 711 2838 et
743 2775 868 2840 sollicite
890 2775 978 2840 nebu
1001 2793 1065 2839 csse
1087 2775 1356 2841 antevertendum.
1383 2773 1491 2852 Quare
1521 2794 1621 2858 quum

493 2894 529 2958 dc
551 2893 700 2972 utilitate,
713 2895 794 2977 quin
816 2902 845 2959 et
868 2895 1051 2959 necessitate
1073 2894 1141 2973 ejus
1160 2892 1326 2967 invisendi,
1349 2911 1422 2957 cnm
1439 2911 1534 2976 eoque
1549 2910 1627 2959 con·

493 3012 611 3095 serendi
632 3030 721 3077 nunc
742 3013 972 3096 omammpua
995 3022 1023 3077 tc
1041 3014 1168 3095 penitus
1196 3028 1259 3079 esse
1293 3015 1521 3090 constitutum,
1544 3013 1627 3096 quod

494 3137 748 3213 superest-cura,
771 3139 807 3194 ut
829 3148 909 3207 eam,
931 3131 1087 3211 simulque
1109 3130 1244 3211 susecpti
1267 3130 1387 3210 nepocii
1401 3131 1628 3194 inaestimabile

493 3257 685 3313 mmnontum
697 3248 925 3314 lllsutrissimis
943 3246 1115 3313 Ordinibus
1133 3247 1333 3325 Hollandiae,
1364 3256 1391 3311 et
1419 3247 1627 3331 Amplissimis

493 3376 615 3431 nestrae
633 3366 722 3433 Urbis
734 3367 938 3444 Consulibus,
947 3385 1005 3449 per
1016 3368 1219 3433 nobilissimos
1232 3367 1385 3433 Dominus
1396 3367 1576 3442 borellum,
1598 3378 1627 3431 ct

493 3484 635 3551 Bmeren
654 3488 708 3551 tibi
729 3487 820 3572 lidos,
842 3495 871 3552 ct
893 3488 954 3569 ipsi
976 3488 1103 3568 nepacio
1124 3487 1262 3569 fanenses
1286 3495 1522 3553 commonstres.
1554 3486 1627 3564 (luo

490 3613 629 3687 peracto,
644 3603 882 3669 illustrissimus
895 3603 1052 3668 Dominus
1068 3601 1199 3669 Grotius
1212 3603 1391 3668 nullatcnus
1404 3604 1535 3676 dubitat,
1549 3605 1628 3686 puin

493 3720 705 3788 illustrissimi
730 3732 759 3787 et
782 3722 977 3806 Amplissimi
998 3724 1096 3788 nestri
1121 3719 1253 3788 Ordines
1277 3733 1306 3786 et
1335 3722 1485 3788 Consules
1511 3739 1628 3804 perse

495 3838 587 3927 (tun
596 3841 768 3906 redimendi
780 3841 934 3924 temporis,
960 3851 1028 3905 tnm
1046 3840 1311 3905 sublevandarum
1333 3838 1630 3917 illustrissimorum

499 3955 656 4024 Ordinum
669 3956 871 4024 Generalium
882 3960 1058 4025 innumeris
1071 3968 1100 4023 et
1112 3958 1303 4023 instantibus
1320 3958 1389 4021 aliis
1404 3954 1538 4036 nepaciis
1551 3972 1628 4035 pra-

495 4075 557 4164 tia)
578 4079 727 4159 protinus
750 4078 786 4142 de
810 4088 864 4144 tuo
886 4080 928 4143 ad
951 4096 1024 4143 cum
1045 4079 1156 4143 itinere
1178 4083 1334 4153 statuant,
1357 4084 1386 4139 ct
1408 4077 1567 4156 impensas
1591 4076 1632 4140 ad

494 4195 527 4259 id
549 4197 750 4268 necessarias,
775 4196 876 4279 qualis
899 4213 1008 4261 carum
1030 4206 1075 4262 est
1103 4198 1138 4260 in
1166 4197 1259 4261 rebus
1286 4193 1410 4275 maanit
1434 4192 1533 4257 elatus
1557 4195 1631 4257 ani·

495 4329 576 4386 mns,
600 4312 745 4393 munifice
768 4312 824 4375 tibi
847 4311 1097 4385 subministrent,
1122 4330 1259 4396 quornm
1281 4310 1389 4374 deinde
1412 4310 1447 4372 in
1469 4310 1632 4373 contribu-

497 4430 619 4494 tionum
640 4430 839 4511 publicnrnm
860 4429 1047 4504 rationibus,
1072 4431 1168 4495 ueluti
1190 4432 1225 4493 in
1248 4448 1314 4494 rem
1332 4447 1394 4509 pro
1418 4428 1497 4493 bono
1508 4428 1632 4509 publica

495 4551 536 4615 ab
558 4550 618 4615 illis
641 4560 853 4632 erapatarum,
873 4550 1109 4615 subductionem
1125 4552 1245 4614 ineant.
1267 4547 1359 4623 (luod
1375 4565 1430 4612 nec
1445 4549 1513 4612 sine
1527 4564 1633 4613 enun-

524 4775 528 4781 -
560 4743 593 4801 (t)
611 4739 736 4792 lidiziona
755 4741 780 4789 di
797 4740 910 4796 Pedasa,
930 4740 981 4789 lac.
1000 4741 1063 4796 cit..
1085 4752 1142 4802 pop.
1162 4742 1216 4786 iba.
