<?xml version="1.0" encoding="UTF-8"?>
<!DOCTYPE html PUBLIC "-//W3C//DTD XHTML 1.0 Transitional//EN"
    "http://www.w3.org/TR/xhtml1/DTD/xhtml1-transitional.dtd">
<html xmlns="http://www.w3.org/1999/xhtml" xml:lang="en" lang="en">
 <head>
  <title>
</title>
<meta http-equiv="Content-Type" content="text/html;charset=utf-8" />
  <meta name='ocr-system' content='tesseract 3.04.00' />
  <meta name='ocr-capabilities' content='ocr_page ocr_carea ocr_par ocr_line ocrx_word'/>
</head>
<body>
  <div class='ocr_page' id='page_1' title='image "./leoperedigalile07vivigoog_0185.png"; bbox 0 0 4250 5900; ppageno 0'>
   <div class='ocr_carea' id='block_1_1' title="bbox 951 686 1632 759">
    <p class='ocr_par' dir='ltr' id='par_1_1' title="bbox 951 686 1632 759">
     <span class='ocr_line' id='line_1_1' title="bbox 951 686 1632 759; baseline -0.006 0"><span class='ocrx_word' id='word_1_1' title='bbox 951 700 1054 759; x_wconf 68' lang='lat' dir='ltr'><strong>amm</strong></span> <span class='ocrx_word' id='word_1_2' title='bbox 1079 686 1164 753; x_wconf 75' lang='lat'>1637</span> <span class='ocrx_word' id='word_1_3' title='bbox 1573 691 1632 755; x_wconf 82' lang='lat'><strong>171</strong></span> 
     </span>
    </p>
   </div>
   <div class='ocr_carea' id='block_1_2' title="bbox 497 833 1642 1408">
    <p class='ocr_par' dir='ltr' id='par_1_2' title="bbox 497 833 1642 1408">
     <span class='ocr_line' id='line_1_2' title="bbox 497 833 1640 915; baseline 0.003 -16"><span class='ocrx_word' id='word_1_4' title='bbox 497 835 566 900; x_wconf 88' lang='lat' dir='ltr'><strong>tato</strong></span> <span class='ocrx_word' id='word_1_5' title='bbox 588 835 720 915; x_wconf 77' lang='lat' dir='ltr'><strong>obliquo</strong></span> <span class='ocrx_word' id='word_1_6' title='bbox 742 833 793 896; x_wconf 83' lang='lat' dir='ltr'><strong>det</strong></span> <span class='ocrx_word' id='word_1_7' title='bbox 819 834 916 898; x_wconf 87' lang='lat' dir='ltr'><strong>dente</strong></span> <span class='ocrx_word' id='word_1_8' title='bbox 931 853 997 898; x_wconf 89' lang='lat' dir='ltr'><strong>non</strong></span> <span class='ocrx_word' id='word_1_9' title='bbox 1015 837 1046 899; x_wconf 90' lang='lat' dir='ltr'><strong>to</strong></span> <span class='ocrx_word' id='word_1_10' title='bbox 1066 853 1187 899; x_wconf 87' lang='lat' dir='ltr'><strong>muova</strong></span> <span class='ocrx_word' id='word_1_11' title='bbox 1204 836 1394 911; x_wconf 69' lang='lat' dir='ltr'><strong>altrimenti,</strong></span> <span class='ocrx_word' id='word_1_12' title='bbox 1417 854 1473 901; x_wconf 87' lang='lat' dir='ltr'><strong>ma</strong></span> <span class='ocrx_word' id='word_1_13' title='bbox 1496 838 1528 902; x_wconf 93' lang='grc' dir='ltr'><strong>Ιο</strong></span> <span class='ocrx_word' id='word_1_14' title='bbox 1553 839 1640 904; x_wconf 87' lang='lat' dir='ltr'><strong>vada</strong></span> 
     </span>
     <span class='ocr_line' id='line_1_3' title="bbox 499 951 1641 1036; baseline 0.002 -19"><span class='ocrx_word' id='word_1_15' title='bbox 499 952 694 1017; x_wconf 83' lang='lat' dir='ltr'><strong>strimiando</strong></span> <span class='ocrx_word' id='word_1_16' title='bbox 705 970 723 1015; x_wconf 91' lang='lat' dir='ltr'><strong>e</strong></span> <span class='ocrx_word' id='word_1_17' title='bbox 736 951 822 1014; x_wconf 87' lang='lat' dir='ltr'><strong>vada</strong></span> <span class='ocrx_word' id='word_1_18' title='bbox 836 952 1014 1016; x_wconf 75' lang='lat' dir='ltr'><strong>rioadeotto</strong></span> <span class='ocrx_word' id='word_1_19' title='bbox 1025 971 1046 1015; x_wconf 90' lang='lat' dir='ltr'><strong>a</strong></span> <span class='ocrx_word' id='word_1_20' title='bbox 1058 951 1111 1035; x_wconf 75' lang='lat' dir='ltr'><strong>pie</strong></span> <span class='ocrx_word' id='word_1_21' title='bbox 1123 953 1174 1017; x_wconf 85' lang='lat' dir='ltr'><strong>dei</strong></span> <span class='ocrx_word' id='word_1_22' title='bbox 1188 953 1285 1017; x_wconf 88' lang='lat' dir='ltr'><strong>dente</strong></span> <span class='ocrx_word' id='word_1_23' title='bbox 1296 964 1519 1036; x_wconf 80' lang='lat' dir='ltr'><strong>susseguente.</strong></span> <span class='ocrx_word' id='word_1_24' title='bbox 1531 958 1559 1021; x_wconf 82' lang='grc' dir='ltr'>Ε</span> <span class='ocrx_word' id='word_1_25' title='bbox 1571 953 1641 1021; x_wconf 81' lang='lat' dir='ltr'><strong>cosi</strong></span> 
     </span>
     <span class='ocr_line' id='line_1_4' title="bbox 504 1068 1642 1156; baseline 0.001 -20"><span class='ocrx_word' id='word_1_26' title='bbox 504 1072 564 1136; x_wconf 85' lang='lat' dir='ltr'><strong>nei</strong></span> <span class='ocrx_word' id='word_1_27' title='bbox 582 1070 753 1153; x_wconf 72' lang='lat' dir='ltr'><strong>passaggio</strong></span> <span class='ocrx_word' id='word_1_28' title='bbox 774 1069 828 1132; x_wconf 85' lang='lat' dir='ltr'><strong>det</strong></span> <span class='ocrx_word' id='word_1_29' title='bbox 851 1069 991 1151; x_wconf 87' lang='lat' dir='ltr'><strong>pendoto</strong></span> <span class='ocrx_word' id='word_1_30' title='bbox 1014 1075 1041 1134; x_wconf 89' lang='lat' dir='ltr'><strong>si</strong></span> <span class='ocrx_word' id='word_1_31' title='bbox 1065 1068 1225 1136; x_wconf 76' lang='lat' dir='ltr'><strong>muovera</strong></span> <span class='ocrx_word' id='word_1_32' title='bbox 1242 1072 1272 1135; x_wconf 87' lang='lat' dir='ltr'><strong>ta</strong></span> <span class='ocrx_word' id='word_1_33' title='bbox 1291 1079 1386 1137; x_wconf 89' lang='lat' dir='ltr'><strong>ruota</strong></span> <span class='ocrx_word' id='word_1_34' title='bbox 1405 1092 1463 1155; x_wconf 90' lang='lat' dir='ltr'><strong>per</strong></span> <span class='ocrx_word' id='word_1_35' title='bbox 1480 1075 1513 1139; x_wconf 93' lang='lat' dir='ltr'><strong>io</strong></span> <span class='ocrx_word' id='word_1_36' title='bbox 1530 1075 1642 1156; x_wconf 86' lang='lat' dir='ltr'><strong>spazio</strong></span> 
     </span>
     <span class='ocr_line' id='line_1_5' title="bbox 502 1188 1640 1283; baseline 0.002 -29"><span class='ocrx_word' id='word_1_37' title='bbox 502 1188 612 1255; x_wconf 81' lang='lat' dir='ltr'><strong>‹i&#39;nno</strong></span> <span class='ocrx_word' id='word_1_38' title='bbox 633 1188 771 1283; x_wconf 78' lang='lat' dir='ltr'><strong>de&#39;aooi</strong></span> <span class='ocrx_word' id='word_1_39' title='bbox 792 1189 899 1263; x_wconf 85' lang='lat' dir='ltr'><strong>denti,</strong></span> <span class='ocrx_word' id='word_1_40' title='bbox 923 1208 977 1253; x_wconf 89' lang='lat' dir='ltr'><strong>ma</strong></span> <span class='ocrx_word' id='word_1_41' title='bbox 1002 1191 1054 1253; x_wconf 88' lang='lat' dir='ltr'><strong>nei</strong></span> <span class='ocrx_word' id='word_1_42' title='bbox 1080 1191 1205 1254; x_wconf 89' lang='lat' dir='ltr'><strong>ritorno</strong></span> <span class='ocrx_word' id='word_1_43' title='bbox 1228 1191 1280 1255; x_wconf 87' lang='lat' dir='ltr'><strong>dei</strong></span> <span class='ocrx_word' id='word_1_44' title='bbox 1300 1192 1528 1272; x_wconf 82' lang='lat' dir='ltr'><strong>pondoloeesa</strong></span> <span class='ocrx_word' id='word_1_45' title='bbox 1544 1201 1640 1258; x_wconf 87' lang='lat' dir='ltr'><strong>ruota</strong></span> 
     </span>
     <span class='ocr_line' id='line_1_6' title="bbox 499 1294 1635 1408; baseline 0 -36"><span class='ocrx_word' id='word_1_46' title='bbox 499 1326 566 1374; x_wconf 86' lang='lat' dir='ltr'><strong>non</strong></span> <span class='ocrx_word' id='word_1_47' title='bbox 586 1308 615 1374; x_wconf 82' lang='lat' dir='ltr'><strong>ei</strong></span> <span class='ocrx_word' id='word_1_48' title='bbox 636 1294 798 1394; x_wconf 72' lang='lat' dir='ltr'><strong>moereri</strong></span> <span class='ocrx_word' id='word_1_49' title='bbox 820 1313 945 1387; x_wconf 85' lang='lat' dir='ltr'><strong>puoto;</strong></span> <span class='ocrx_word' id='word_1_50' title='bbox 969 1307 1054 1408; x_wconf 73' lang='lat' dir='ltr'><strong>ontio</strong></span> <span class='ocrx_word' id='word_1_51' title='bbox 1080 1306 1103 1369; x_wconf 89' lang='lat' dir='ltr'><strong>ii</strong></span> <span class='ocrx_word' id='word_1_52' title='bbox 1125 1324 1188 1370; x_wconf 77' lang='lat' dir='ltr'><strong>suo</strong></span> <span class='ocrx_word' id='word_1_53' title='bbox 1211 1313 1301 1371; x_wconf 90' lang='lat' dir='ltr'><strong>moto</strong></span> <span class='ocrx_word' id='word_1_54' title='bbox 1324 1325 1366 1371; x_wconf 88' lang='lat' dir='ltr'><strong>no</strong></span> <span class='ocrx_word' id='word_1_55' title='bbox 1396 1305 1537 1374; x_wconf 72' lang='lat' dir='ltr'><strong>riuscira</strong></span> <span class='ocrx_word' id='word_1_56' title='bbox 1568 1310 1635 1372; x_wconf 87' lang='lat' dir='ltr'><strong>oir-</strong></span> 
     </span>
    </p>
   </div>
   <div class='ocr_carea' id='block_1_3' title="bbox 495 1425 1640 1617">
    <p class='ocr_par' dir='ltr' id='par_1_3' title="bbox 495 1425 1640 1617">
     <span class='ocr_line' id='line_1_7' title="bbox 495 1425 1631 1510; baseline -0.004 -16"><span class='ocrx_word' id='word_1_57' title='bbox 495 1428 605 1494; x_wconf 83' lang='lat' dir='ltr'><strong>ooiare</strong></span> <span class='ocrx_word' id='word_1_58' title='bbox 627 1444 755 1508; x_wconf 82' lang='lat' dir='ltr'><strong>sempre</strong></span> <span class='ocrx_word' id='word_1_59' title='bbox 779 1444 836 1507; x_wconf 89' lang='lat' dir='ltr'><strong>per</strong></span> <span class='ocrx_word' id='word_1_60' title='bbox 860 1425 880 1488; x_wconf 78' lang='grc' dir='ltr'><strong>Ι·</strong></span> <span class='ocrx_word' id='word_1_61' title='bbox 892 1425 1011 1489; x_wconf 85' lang='lat' dir='ltr'><strong>istesso</strong></span> <span class='ocrx_word' id='word_1_62' title='bbox 1036 1443 1141 1488; x_wconf 85' lang='lat' dir='ltr'><strong>verso.</strong></span> <span class='ocrx_word' id='word_1_63' title='bbox 1162 1425 1211 1490; x_wconf 87' lang='lat' dir='ltr'><strong>Ed</strong></span> <span class='ocrx_word' id='word_1_64' title='bbox 1227 1425 1358 1490; x_wconf 88' lang='lat' dir='ltr'><strong>avendo</strong></span> <span class='ocrx_word' id='word_1_65' title='bbox 1372 1428 1631 1510; x_wconf 83' lang='lat' dir='ltr'><strong>contrassegnati</strong></span> 
     </span>
     <span class='ocr_line' id='line_1_8' title="bbox 495 1537 1640 1617; baseline -0.004 -8"><span class='ocrx_word' id='word_1_66' title='bbox 495 1562 561 1609; x_wconf 83' lang='lat' dir='ltr'><strong>oon</strong></span> <span class='ocrx_word' id='word_1_67' title='bbox 585 1543 715 1608; x_wconf 85' lang='lat' dir='ltr'><strong>numeri</strong></span> <span class='ocrx_word' id='word_1_68' title='bbox 739 1542 748 1605; x_wconf 93' lang='lat' dir='ltr'><strong>i</strong></span> <span class='ocrx_word' id='word_1_69' title='bbox 773 1542 879 1617; x_wconf 84' lang='lat' dir='ltr'><strong>denti,</strong></span> <span class='ocrx_word' id='word_1_70' title='bbox 898 1541 925 1604; x_wconf 87' lang='lat' dir='ltr'><strong>si</strong></span> <span class='ocrx_word' id='word_1_71' title='bbox 947 1537 1048 1605; x_wconf 77' lang='lat' dir='ltr'><strong>redra</strong></span> <span class='ocrx_word' id='word_1_72' title='bbox 1072 1542 1115 1605; x_wconf 86' lang='lat' dir='ltr'><strong>ad</strong></span> <span class='ocrx_word' id='word_1_73' title='bbox 1138 1539 1376 1605; x_wconf 85' lang='lat' dir='ltr'><strong>arbitramento</strong></span> <span class='ocrx_word' id='word_1_74' title='bbox 1399 1541 1430 1603; x_wconf 86' lang='lat' dir='ltr'><strong>ia</strong></span> <span class='ocrx_word' id='word_1_75' title='bbox 1455 1541 1640 1605; x_wconf 88' lang='lat' dir='ltr'><strong>moititudi-</strong></span> 
     </span>
    </p>
   </div>
   <div class='ocr_carea' id='block_1_4' title="bbox 491 1660 1641 4836">
    <p class='ocr_par' dir='ltr' id='par_1_4' title="bbox 491 1660 1641 4836">
     <span class='ocr_line' id='line_1_9' title="bbox 495 1660 1640 1744; baseline -0.003 -17"><span class='ocrx_word' id='word_1_76' title='bbox 495 1680 537 1727; x_wconf 84' lang='lat' dir='ltr'><strong>ne</strong></span> <span class='ocrx_word' id='word_1_77' title='bbox 560 1663 613 1727; x_wconf 84' lang='lat' dir='ltr'><strong>dei</strong></span> <span class='ocrx_word' id='word_1_78' title='bbox 635 1662 728 1726; x_wconf 81' lang='lat' dir='ltr'><strong>denti</strong></span> <span class='ocrx_word' id='word_1_79' title='bbox 752 1663 892 1744; x_wconf 80' lang='lat' dir='ltr'><strong>passati,</strong></span> <span class='ocrx_word' id='word_1_80' title='bbox 915 1662 956 1726; x_wconf 85' lang='lat' dir='ltr'><strong>eri</strong></span> <span class='ocrx_word' id='word_1_81' title='bbox 993 1663 1027 1724; x_wconf 92' lang='lat' dir='ltr'><strong>in</strong></span> <span class='ocrx_word' id='word_1_82' title='bbox 1062 1677 1292 1743; x_wconf 80' lang='lat' dir='ltr'><strong>ooneeguenza</strong></span> <span class='ocrx_word' id='word_1_83' title='bbox 1327 1660 1351 1723; x_wconf 91' lang='lat' dir='ltr'><strong>ii</strong></span> <span class='ocrx_word' id='word_1_84' title='bbox 1386 1677 1526 1724; x_wconf 84' lang='lat' dir='ltr'><strong>numero</strong></span> <span class='ocrx_word' id='word_1_85' title='bbox 1555 1661 1640 1724; x_wconf 87' lang='lat' dir='ltr'><strong>deite</strong></span> 
     </span>
     <span class='ocr_line' id='line_1_10' title="bbox 495 1773 1640 1859; baseline -0.002 -16"><span class='ocrx_word' id='word_1_86' title='bbox 495 1779 679 1844; x_wconf 74' lang='lat' dir='ltr'><strong>vibrationi</strong></span> <span class='ocrx_word' id='word_1_87' title='bbox 707 1795 727 1840; x_wconf 88' lang='lat' dir='ltr'><strong>e</strong></span> <span class='ocrx_word' id='word_1_88' title='bbox 761 1777 846 1841; x_wconf 87' lang='lat' dir='ltr'><strong>dette</strong></span> <span class='ocrx_word' id='word_1_89' title='bbox 868 1778 1036 1859; x_wconf 87' lang='lat' dir='ltr'><strong>partioeiie</strong></span> <span class='ocrx_word' id='word_1_90' title='bbox 1060 1776 1112 1841; x_wconf 86' lang='lat' dir='ltr'><strong>dei</strong></span> <span class='ocrx_word' id='word_1_91' title='bbox 1138 1786 1248 1858; x_wconf 91' lang='lat' dir='ltr'><strong>tempo</strong></span> <span class='ocrx_word' id='word_1_92' title='bbox 1271 1777 1415 1842; x_wconf 77' lang='lat' dir='ltr'><strong>decorae.</strong></span> <span class='ocrx_word' id='word_1_93' title='bbox 1440 1775 1472 1843; x_wconf 92' lang='lat' dir='ltr'><strong>Si</strong></span> <span class='ocrx_word' id='word_1_94' title='bbox 1496 1773 1563 1857; x_wconf 81' lang='lat' dir='ltr'><strong>puo</strong></span> <span class='ocrx_word' id='word_1_95' title='bbox 1577 1794 1640 1841; x_wconf 87' lang='lat' dir='ltr'><strong>an-</strong></span> 
     </span>
     <span class='ocr_line' id='line_1_11' title="bbox 493 1894 1638 1978; baseline -0.003 -15"><span class='ocrx_word' id='word_1_96' title='bbox 493 1916 575 1963; x_wconf 82' lang='lat' dir='ltr'><strong>eora</strong></span> <span class='ocrx_word' id='word_1_97' title='bbox 596 1898 732 1962; x_wconf 82' lang='lat' dir='ltr'><strong>intorno</strong></span> <span class='ocrx_word' id='word_1_98' title='bbox 757 1895 788 1960; x_wconf 90' lang='lat' dir='ltr'><strong>ai</strong></span> <span class='ocrx_word' id='word_1_99' title='bbox 823 1903 939 1961; x_wconf 87' lang='lat' dir='ltr'><strong>oentro</strong></span> <span class='ocrx_word' id='word_1_100' title='bbox 974 1897 1005 1959; x_wconf 90' lang='lat' dir='ltr'><strong>di</strong></span> <span class='ocrx_word' id='word_1_101' title='bbox 1041 1903 1159 1978; x_wconf 86' lang='lat' dir='ltr'><strong>questa</strong></span> <span class='ocrx_word' id='word_1_102' title='bbox 1193 1895 1300 1978; x_wconf 88' lang='lat' dir='ltr'><strong>prima</strong></span> <span class='ocrx_word' id='word_1_103' title='bbox 1333 1904 1431 1961; x_wconf 88' lang='lat' dir='ltr'><strong>ruoto</strong></span> <span class='ocrx_word' id='word_1_104' title='bbox 1465 1894 1638 1960; x_wconf 88' lang='lat' dir='ltr'><strong>adattaroe</strong></span> 
     </span>
     <span class='ocr_line' id='line_1_12' title="bbox 497 2012 1632 2094; baseline -0.003 -14"><span class='ocrx_word' id='word_1_105' title='bbox 497 2012 651 2080; x_wconf 81' lang='lat' dir='ltr'><strong>un&#39;attra</strong></span> <span class='ocrx_word' id='word_1_106' title='bbox 672 2012 705 2077; x_wconf 84' lang='lat' dir='ltr'><strong>di</strong></span> <span class='ocrx_word' id='word_1_107' title='bbox 726 2012 856 2094; x_wconf 87' lang='lat' dir='ltr'><strong>pioooio</strong></span> <span class='ocrx_word' id='word_1_108' title='bbox 873 2030 1013 2078; x_wconf 86' lang='lat' dir='ltr'><strong>numero</strong></span> <span class='ocrx_word' id='word_1_109' title='bbox 1031 2013 1063 2076; x_wconf 89' lang='lat' dir='ltr'><strong>di</strong></span> <span class='ocrx_word' id='word_1_110' title='bbox 1084 2014 1189 2088; x_wconf 85' lang='lat' dir='ltr'><strong>denti,</strong></span> <span class='ocrx_word' id='word_1_111' title='bbox 1214 2014 1246 2077; x_wconf 90' lang='lat' dir='ltr'><strong>ta</strong></span> <span class='ocrx_word' id='word_1_112' title='bbox 1268 2015 1366 2094; x_wconf 86' lang='lat' dir='ltr'><strong>quate</strong></span> <span class='ocrx_word' id='word_1_113' title='bbox 1386 2013 1491 2079; x_wconf 86' lang='lat' dir='ltr'><strong>toooiri</strong></span> <span class='ocrx_word' id='word_1_114' title='bbox 1512 2012 1567 2077; x_wconf 84' lang='lat' dir='ltr'><strong>un’</strong></span> <span class='ocrx_word' id='word_1_115' title='bbox 1582 2014 1632 2077; x_wconf 90' lang='lat' dir='ltr'><strong>ai-</strong></span> 
     </span>
     <span class='ocr_line' id='line_1_13' title="bbox 497 2129 1638 2214; baseline -0.002 -19"><span class='ocrx_word' id='word_1_116' title='bbox 497 2139 553 2196; x_wconf 86' lang='lat' dir='ltr'><strong>tra</strong></span> <span class='ocrx_word' id='word_1_117' title='bbox 577 2131 725 2214; x_wconf 75' lang='lat' dir='ltr'><strong>maggior</strong></span> <span class='ocrx_word' id='word_1_118' title='bbox 746 2136 843 2194; x_wconf 87' lang='lat' dir='ltr'><strong>roota</strong></span> <span class='ocrx_word' id='word_1_119' title='bbox 867 2129 1017 2204; x_wconf 57' lang='lat' dir='ltr'><strong>dentato</strong></span> <span class='ocrx_word' id='word_1_120' title='bbox 1041 2130 1096 2194; x_wconf 86' lang='lat' dir='ltr'><strong>dai</strong></span> <span class='ocrx_word' id='word_1_121' title='bbox 1119 2137 1210 2195; x_wconf 91' lang='lat' dir='ltr'><strong>moto</strong></span> <span class='ocrx_word' id='word_1_122' title='bbox 1238 2130 1324 2194; x_wconf 88' lang='lat' dir='ltr'><strong>detta</strong></span> <span class='ocrx_word' id='word_1_123' title='bbox 1357 2129 1456 2212; x_wconf 85' lang='lat' dir='ltr'><strong>quate</strong></span> <span class='ocrx_word' id='word_1_124' title='bbox 1489 2135 1638 2212; x_wconf 91' lang='lat' dir='ltr'><strong>potremo</strong></span> 
     </span>
     <span class='ocr_line' id='line_1_14' title="bbox 497 2248 1637 2332; baseline -0.003 -19"><span class='ocrx_word' id='word_1_125' title='bbox 497 2248 702 2332; x_wconf 76' lang='lat' dir='ltr'><strong>apprendere</strong></span> <span class='ocrx_word' id='word_1_126' title='bbox 723 2248 744 2313; x_wconf 89' lang='lat' dir='ltr'><strong>ii</strong></span> <span class='ocrx_word' id='word_1_127' title='bbox 767 2266 907 2314; x_wconf 88' lang='lat' dir='ltr'><strong>numero</strong></span> <span class='ocrx_word' id='word_1_128' title='bbox 943 2248 1017 2311; x_wconf 83' lang='lat' dir='ltr'><strong>dett&#39;</strong></span> <span class='ocrx_word' id='word_1_129' title='bbox 1030 2249 1135 2312; x_wconf 87' lang='lat' dir='ltr'><strong>intere</strong></span> <span class='ocrx_word' id='word_1_130' title='bbox 1170 2248 1371 2313; x_wconf 87' lang='lat' dir='ltr'><strong>revoiuzioni</strong></span> <span class='ocrx_word' id='word_1_131' title='bbox 1409 2248 1497 2312; x_wconf 84' lang='lat' dir='ltr'><strong>detta</strong></span> <span class='ocrx_word' id='word_1_132' title='bbox 1531 2249 1637 2331; x_wconf 86' lang='lat' dir='ltr'><strong>prima</strong></span> 
     </span>
     <span class='ocr_line' id='line_1_15' title="bbox 495 2367 1636 2450; baseline 0 -19"><span class='ocrx_word' id='word_1_133' title='bbox 495 2375 610 2442; x_wconf 78' lang='lat' dir='ltr'><strong>rootr,</strong></span> <span class='ocrx_word' id='word_1_134' title='bbox 633 2368 866 2450; x_wconf 80' lang='lat' dir='ltr'><strong>compartendo</strong></span> <span class='ocrx_word' id='word_1_135' title='bbox 890 2369 920 2431; x_wconf 89' lang='lat' dir='ltr'><strong>ia</strong></span> <span class='ocrx_word' id='word_1_136' title='bbox 945 2367 1154 2432; x_wconf 87' lang='lat' dir='ltr'><strong>mottitudine</strong></span> <span class='ocrx_word' id='word_1_137' title='bbox 1178 2369 1230 2432; x_wconf 91' lang='lat' dir='ltr'><strong>dei</strong></span> <span class='ocrx_word' id='word_1_138' title='bbox 1254 2369 1344 2433; x_wconf 86' lang='lat' dir='ltr'><strong>denti</strong></span> <span class='ocrx_word' id='word_1_139' title='bbox 1367 2370 1401 2433; x_wconf 92' lang='lat' dir='ltr'><strong>in</strong></span> <span class='ocrx_word' id='word_1_140' title='bbox 1427 2369 1535 2442; x_wconf 85' lang='lat' dir='ltr'><strong>modo,</strong></span> <span class='ocrx_word' id='word_1_141' title='bbox 1565 2368 1636 2440; x_wconf 83' lang='lat' dir='ltr'><strong>che,</strong></span> 
     </span>
     <span class='ocr_line' id='line_1_16' title="bbox 496 2485 1641 2570; baseline 0 -19"><span class='ocrx_word' id='word_1_142' title='bbox 496 2506 558 2570; x_wconf 90' lang='lat' dir='ltr'><strong>per</strong></span> <span class='ocrx_word' id='word_1_143' title='bbox 582 2488 750 2570; x_wconf 68' lang='lat' dir='ltr'><strong>empto,</strong></span> <span class='ocrx_word' id='word_1_144' title='bbox 771 2488 907 2570; x_wconf 85' lang='lat' dir='ltr'><strong>quando</strong></span> <span class='ocrx_word' id='word_1_145' title='bbox 931 2487 962 2551; x_wconf 89' lang='lat' dir='ltr'><strong>ia</strong></span> <span class='ocrx_word' id='word_1_146' title='bbox 985 2488 1128 2551; x_wconf 79' lang='lat' dir='ltr'><strong>secontia</strong></span> <span class='ocrx_word' id='word_1_147' title='bbox 1151 2497 1248 2552; x_wconf 89' lang='lat' dir='ltr'><strong>rnota</strong></span> <span class='ocrx_word' id='word_1_148' title='bbox 1270 2485 1354 2552; x_wconf 79' lang='lat' dir='ltr'><strong>arra</strong></span> <span class='ocrx_word' id='word_1_149' title='bbox 1376 2488 1454 2552; x_wconf 88' lang='lat' dir='ltr'><strong>dato</strong></span> <span class='ocrx_word' id='word_1_150' title='bbox 1470 2506 1536 2552; x_wconf 91' lang='lat' dir='ltr'><strong>una</strong></span> <span class='ocrx_word' id='word_1_151' title='bbox 1559 2506 1641 2553; x_wconf 89' lang='lat' dir='ltr'><strong>con-</strong></span> 
     </span>
     <span class='ocr_line' id='line_1_17' title="bbox 496 2582 1639 2688; baseline 0.001 -20"><span class='ocrx_word' id='word_1_152' title='bbox 496 2605 662 2683; x_wconf 83' lang='lat' dir='ltr'><strong>versione,</strong></span> <span class='ocrx_word' id='word_1_153' title='bbox 686 2606 719 2669; x_wconf 87' lang='lat' dir='ltr'><strong>ia</strong></span> <span class='ocrx_word' id='word_1_154' title='bbox 741 2607 849 2688; x_wconf 89' lang='lat' dir='ltr'><strong>prima</strong></span> <span class='ocrx_word' id='word_1_155' title='bbox 872 2623 914 2669; x_wconf 92' lang='lat' dir='ltr'><strong>oe</strong></span> <span class='ocrx_word' id='word_1_156' title='bbox 938 2606 1034 2670; x_wconf 90' lang='lat' dir='ltr'><strong>abbia</strong></span> <span class='ocrx_word' id='word_1_157' title='bbox 1052 2606 1130 2671; x_wconf 82' lang='lat' dir='ltr'><strong>date</strong></span> <span class='ocrx_word' id='word_1_158' title='bbox 1153 2582 1268 2681; x_wconf 51' lang='lat'><strong>20430</strong></span> <span class='ocrx_word' id='word_1_159' title='bbox 1291 2624 1313 2670; x_wconf 93' lang='lat' dir='ltr'><strong>o</strong></span> <span class='ocrx_word' id='word_1_160' title='bbox 1335 2607 1378 2672; x_wconf 72' lang='lat'><strong>40</strong></span> <span class='ocrx_word' id='word_1_161' title='bbox 1401 2626 1422 2671; x_wconf 94' lang='lat' dir='ltr'><strong>o</strong></span> <span class='ocrx_word' id='word_1_162' title='bbox 1443 2613 1567 2687; x_wconf 81' lang='lat' dir='ltr'><strong>quante</strong></span> <span class='ocrx_word' id='word_1_163' title='bbox 1582 2603 1639 2688; x_wconf 86' lang='lat' dir='ltr'><strong>piir</strong></span> 
     </span>
     <span class='ocr_line' id='line_1_18' title="bbox 493 2725 1641 2809; baseline -0.001 -20"><span class='ocrx_word' id='word_1_164' title='bbox 493 2741 538 2789; x_wconf 82' lang='lat' dir='ltr'><strong>oe</strong></span> <span class='ocrx_word' id='word_1_165' title='bbox 561 2725 723 2807; x_wconf 73' lang='lat' dir='ltr'><strong>pinnense:</strong></span> <span class='ocrx_word' id='word_1_166' title='bbox 746 2743 802 2789; x_wconf 87' lang='lat' dir='ltr'><strong>rna</strong></span> <span class='ocrx_word' id='word_1_167' title='bbox 825 2726 848 2788; x_wconf 92' lang='lat' dir='ltr'><strong>it</strong></span> <span class='ocrx_word' id='word_1_168' title='bbox 871 2725 1044 2809; x_wconf 78' lang='lat' dir='ltr'><strong>significor</strong></span> <span class='ocrx_word' id='word_1_169' title='bbox 1060 2733 1178 2807; x_wconf 82' lang='lat' dir='ltr'><strong>questo</strong></span> <span class='ocrx_word' id='word_1_170' title='bbox 1196 2727 1260 2791; x_wconf 89' lang='lat' dir='ltr'><strong>alte</strong></span> <span class='ocrx_word' id='word_1_171' title='bbox 1279 2725 1332 2791; x_wconf 87' lang='lat' dir='ltr'><strong>SS.</strong></span> <span class='ocrx_word' id='word_1_172' title='bbox 1353 2726 1433 2800; x_wconf 85' lang='lat' dir='ltr'><strong>toro.</strong></span> <span class='ocrx_word' id='word_1_173' title='bbox 1452 2727 1513 2790; x_wconf 86' lang='lat' dir='ltr'><strong>che</strong></span> <span class='ocrx_word' id='word_1_174' title='bbox 1529 2727 1641 2789; x_wconf 85' lang='lat' dir='ltr'><strong>hanno</strong></span> 
     </span>
     <span class='ocr_line' id='line_1_19' title="bbox 493 2845 1638 2930; baseline -0.001 -21"><span class='ocrx_word' id='word_1_175' title='bbox 493 2845 622 2909; x_wconf 79' lang='lat' dir='ltr'><strong>nomini</strong></span> <span class='ocrx_word' id='word_1_176' title='bbox 645 2845 885 2927; x_wconf 82' lang='lat' dir='ltr'><strong>eeqaisitissimi</strong></span> <span class='ocrx_word' id='word_1_177' title='bbox 913 2845 955 2909; x_wconf 90' lang='lat' dir='ltr'><strong>ed</strong></span> <span class='ocrx_word' id='word_1_178' title='bbox 978 2847 1241 2930; x_wconf 76' lang='lat' dir='ltr'><strong>ingegnosiaeimi</strong></span> <span class='ocrx_word' id='word_1_179' title='bbox 1277 2848 1311 2911; x_wconf 93' lang='lat' dir='ltr'><strong>in</strong></span> <span class='ocrx_word' id='word_1_180' title='bbox 1343 2846 1527 2910; x_wconf 81' lang='lat' dir='ltr'><strong>iabbrioare</strong></span> <span class='ocrx_word' id='word_1_181' title='bbox 1559 2862 1638 2908; x_wconf 91' lang='lat' dir='ltr'><strong>oro-</strong></span> 
     </span>
     <span class='ocr_line' id='line_1_20' title="bbox 496 2964 1638 3049; baseline 0.001 -21"><span class='ocrx_word' id='word_1_182' title='bbox 496 2964 562 3048; x_wconf 68' lang='lat' dir='ltr'><strong>iogi</strong></span> <span class='ocrx_word' id='word_1_183' title='bbox 588 2964 632 3028; x_wconf 87' lang='lat' dir='ltr'><strong>ed</strong></span> <span class='ocrx_word' id='word_1_184' title='bbox 666 2966 750 3030; x_wconf 85' lang='lat' dir='ltr'><strong>altre</strong></span> <span class='ocrx_word' id='word_1_185' title='bbox 773 2966 946 3030; x_wconf 81' lang='lat' dir='ltr'><strong>manchino</strong></span> <span class='ocrx_word' id='word_1_186' title='bbox 969 2967 1192 3043; x_wconf 86' lang='lat' dir='ltr'><strong>ammiraode,</strong></span> <span class='ocrx_word' id='word_1_187' title='bbox 1215 2965 1235 3031; x_wconf 73' lang='lat' dir='ltr'><strong>e</strong></span> <span class='ocrx_word' id='word_1_188' title='bbox 1257 2984 1334 3031; x_wconf 84' lang='lat' dir='ltr'><strong>cosa</strong></span> <span class='ocrx_word' id='word_1_189' title='bbox 1357 2966 1538 3049; x_wconf 82' lang='lat' dir='ltr'><strong>superflua,</strong></span> <span class='ocrx_word' id='word_1_190' title='bbox 1561 2984 1638 3048; x_wconf 87' lang='lat' dir='ltr'><strong>per-</strong></span> 
     </span>
     <span class='ocr_line' id='line_1_21' title="bbox 497 3080 1638 3168; baseline 0.004 -24"><span class='ocrx_word' id='word_1_191' title='bbox 497 3080 560 3148; x_wconf 73' lang='lat' dir='ltr'><strong>eire</strong></span> <span class='ocrx_word' id='word_1_192' title='bbox 581 3083 646 3148; x_wconf 79' lang='lat' dir='ltr'><strong>eeei</strong></span> <span class='ocrx_word' id='word_1_193' title='bbox 671 3084 842 3150; x_wconf 84' lang='lat' dir='ltr'><strong>medesimi</strong></span> <span class='ocrx_word' id='word_1_194' title='bbox 867 3103 964 3167; x_wconf 80' lang='lat' dir='ltr'><strong>sopra</strong></span> <span class='ocrx_word' id='word_1_195' title='bbox 987 3093 1104 3166; x_wconf 74' lang='lat' dir='ltr'><strong>questo</strong></span> <span class='ocrx_word' id='word_1_196' title='bbox 1126 3085 1342 3151; x_wconf 79' lang='lat' dir='ltr'><strong>fondamento</strong></span> <span class='ocrx_word' id='word_1_197' title='bbox 1364 3103 1478 3151; x_wconf 88' lang='lat' dir='ltr'><strong>nuovo</strong></span> <span class='ocrx_word' id='word_1_198' title='bbox 1492 3086 1525 3149; x_wconf 91' lang='lat' dir='ltr'><strong>di</strong></span> <span class='ocrx_word' id='word_1_199' title='bbox 1542 3103 1638 3168; x_wconf 84' lang='lat' dir='ltr'><strong>sape-</strong></span> 
     </span>
     <span class='ocr_line' id='line_1_22' title="bbox 494 3201 1638 3285; baseline -0.001 -19"><span class='ocrx_word' id='word_1_200' title='bbox 494 3219 546 3277; x_wconf 82' lang='lat' dir='ltr'><strong>re.</strong></span> <span class='ocrx_word' id='word_1_201' title='bbox 569 3201 632 3266; x_wconf 82' lang='lat' dir='ltr'><strong>ohe</strong></span> <span class='ocrx_word' id='word_1_202' title='bbox 655 3201 678 3265; x_wconf 89' lang='lat' dir='ltr'><strong>il</strong></span> <span class='ocrx_word' id='word_1_203' title='bbox 702 3202 859 3284; x_wconf 88' lang='lat' dir='ltr'><strong>pendoio,</strong></span> <span class='ocrx_word' id='word_1_204' title='bbox 882 3205 1034 3266; x_wconf 85' lang='lat' dir='ltr'><strong>muovasi</strong></span> <span class='ocrx_word' id='word_1_205' title='bbox 1058 3202 1258 3285; x_wconf 79' lang='lat' dir='ltr'><strong>pergrandi</strong></span> <span class='ocrx_word' id='word_1_206' title='bbox 1291 3220 1312 3265; x_wconf 94' lang='lat' dir='ltr'><strong>o</strong></span> <span class='ocrx_word' id='word_1_207' title='bbox 1345 3202 1514 3283; x_wconf 85' lang='lat' dir='ltr'><strong>perbrevi</strong></span> <span class='ocrx_word' id='word_1_208' title='bbox 1538 3202 1638 3285; x_wconf 71' lang='lat' dir='ltr'><strong>spani,</strong></span> 
     </span>
     <span class='ocr_line' id='line_1_23' title="bbox 491 3319 1635 3403; baseline -0.002 -18"><span class='ocrx_word' id='word_1_209' title='bbox 491 3319 526 3385; x_wconf 75' lang='lat' dir='ltr'><strong>ia</strong></span> <span class='ocrx_word' id='word_1_210' title='bbox 542 3322 573 3385; x_wconf 89' lang='lat' dir='ltr'><strong>ie</strong></span> <span class='ocrx_word' id='word_1_211' title='bbox 591 3338 650 3386; x_wconf 86' lang='lat' dir='ltr'><strong>sue</strong></span> <span class='ocrx_word' id='word_1_212' title='bbox 672 3322 929 3403; x_wconf 86' lang='lat' dir='ltr'><strong>reciprooazioni</strong></span> <span class='ocrx_word' id='word_1_213' title='bbox 953 3320 1175 3402; x_wconf 72' lang='lat' dir='ltr'><strong>eguaiissime</strong></span> <span class='ocrx_word' id='word_1_214' title='bbox 1193 3327 1395 3385; x_wconf 88' lang='lat' dir='ltr'><strong>troveraono</strong></span> <span class='ocrx_word' id='word_1_215' title='bbox 1409 3337 1635 3402; x_wconf 77' lang='lat' dir='ltr'><strong>consegueozo</strong></span> 
     </span>
     <span class='ocr_line' id='line_1_24' title="bbox 494 3434 1635 3527; baseline -0.002 -24"><span class='ocrx_word' id='word_1_216' title='bbox 494 3434 555 3522; x_wconf 85' lang='lat' dir='ltr'><strong>ptir</strong></span> <span class='ocrx_word' id='word_1_217' title='bbox 577 3440 678 3504; x_wconf 77' lang='lat' dir='ltr'><strong>eottiti</strong></span> <span class='ocrx_word' id='word_1_218' title='bbox 700 3441 736 3505; x_wconf 85' lang='lat' dir='ltr'><strong>di</strong></span> <span class='ocrx_word' id='word_1_219' title='bbox 758 3442 867 3522; x_wconf 84' lang='lat' dir='ltr'><strong>quotie</strong></span> <span class='ocrx_word' id='word_1_220' title='bbox 893 3441 954 3504; x_wconf 89' lang='lat' dir='ltr'><strong>ohe</strong></span> <span class='ocrx_word' id='word_1_221' title='bbox 979 3442 1010 3504; x_wconf 94' lang='lat' dir='ltr'><strong>io</strong></span> <span class='ocrx_word' id='word_1_222' title='bbox 1032 3459 1128 3522; x_wconf 85' lang='lat' dir='ltr'><strong>possa</strong></span> <span class='ocrx_word' id='word_1_223' title='bbox 1153 3440 1411 3524; x_wconf 83' lang='lat' dir='ltr'><strong>immaginarmi.</strong></span> <span class='ocrx_word' id='word_1_224' title='bbox 1446 3439 1635 3527; x_wconf 82' lang='lat' dir='ltr'><strong>Esiooome</strong></span> 
     </span>
     <span class='ocr_line' id='line_1_25' title="bbox 499 3557 1638 3644; baseline 0.003 -23"><span class='ocrx_word' id='word_1_225' title='bbox 499 3557 533 3622; x_wconf 83' lang='lat' dir='ltr'><strong>ia</strong></span> <span class='ocrx_word' id='word_1_226' title='bbox 567 3558 696 3624; x_wconf 79' lang='lat' dir='ltr'><strong>iaiiaoia</strong></span> <span class='ocrx_word' id='word_1_227' title='bbox 723 3559 809 3642; x_wconf 82' lang='lat' dir='ltr'><strong>degii</strong></span> <span class='ocrx_word' id='word_1_228' title='bbox 844 3561 967 3644; x_wconf 84' lang='lat' dir='ltr'><strong>oroiogi</strong></span> <span class='ocrx_word' id='word_1_229' title='bbox 1003 3561 1146 3625; x_wconf 81' lang='lat' dir='ltr'><strong>consiste</strong></span> <span class='ocrx_word' id='word_1_230' title='bbox 1181 3560 1454 3642; x_wconf 86' lang='lat' dir='ltr'><strong>principaimente</strong></span> <span class='ocrx_word' id='word_1_231' title='bbox 1487 3559 1540 3623; x_wconf 89' lang='lat' dir='ltr'><strong>nei</strong></span> <span class='ocrx_word' id='word_1_232' title='bbox 1573 3577 1638 3626; x_wconf 91' lang='lat' dir='ltr'><strong>non</strong></span> 
     </span>
     <span class='ocr_line' id='line_1_26' title="bbox 496 3677 1639 3763; baseline 0.001 -21"><span class='ocrx_word' id='word_1_233' title='bbox 496 3677 645 3744; x_wconf 78' lang='lat' dir='ltr'><strong>e&#39;eaeere</strong></span> <span class='ocrx_word' id='word_1_234' title='bbox 666 3679 713 3744; x_wconf 92' lang='lat' dir='ltr'><strong>tin</strong></span> <span class='ocrx_word' id='word_1_235' title='bbox 737 3680 793 3761; x_wconf 87' lang='lat' dir='ltr'><strong>qui</strong></span> <span class='ocrx_word' id='word_1_236' title='bbox 818 3687 935 3761; x_wconf 86' lang='lat' dir='ltr'><strong>potato</strong></span> <span class='ocrx_word' id='word_1_237' title='bbox 958 3682 1142 3746; x_wconf 85' lang='lat' dir='ltr'><strong>iahbrioare</strong></span> <span class='ocrx_word' id='word_1_238' title='bbox 1165 3681 1290 3763; x_wconf 82' lang='lat' dir='ltr'><strong>quello,</strong></span> <span class='ocrx_word' id='word_1_239' title='bbox 1312 3683 1374 3745; x_wconf 87' lang='lat' dir='ltr'><strong>ohe</strong></span> <span class='ocrx_word' id='word_1_240' title='bbox 1397 3682 1451 3745; x_wconf 93' lang='lat' dir='ltr'><strong>ooi</strong></span> <span class='ocrx_word' id='word_1_241' title='bbox 1474 3679 1639 3744; x_wconf 86' lang='lat' dir='ltr'><strong>ohiamia·</strong></span> 
     </span>
     <span class='ocr_line' id='line_1_27' title="bbox 495 3797 1640 3884; baseline 0 -23"><span class='ocrx_word' id='word_1_242' title='bbox 495 3812 555 3861; x_wconf 87' lang='lat' dir='ltr'><strong>mo</strong></span> <span class='ocrx_word' id='word_1_243' title='bbox 577 3797 601 3861; x_wconf 88' lang='lat' dir='ltr'><strong>ii</strong></span> <span class='ocrx_word' id='word_1_244' title='bbox 622 3804 733 3881; x_wconf 82' lang='lat' dir='ltr'><strong>tempo</strong></span> <span class='ocrx_word' id='word_1_245' title='bbox 755 3798 829 3863; x_wconf 89' lang='lat' dir='ltr'><strong>deit’</strong></span> <span class='ocrx_word' id='word_1_246' title='bbox 843 3801 1007 3882; x_wconf 72' lang='lat' dir='ltr'><strong>oroiogim</strong></span> <span class='ocrx_word' id='word_1_247' title='bbox 1042 3807 1134 3864; x_wconf 91' lang='lat' dir='ltr'><strong>tanto</strong></span> <span class='ocrx_word' id='word_1_248' title='bbox 1157 3801 1458 3884; x_wconf 77' lang='lat' dir='ltr'><strong>aggiustatamente</strong></span> <span class='ocrx_word' id='word_1_249' title='bbox 1483 3801 1545 3864; x_wconf 87' lang='lat' dir='ltr'><strong>ohe</strong></span> <span class='ocrx_word' id='word_1_250' title='bbox 1570 3801 1640 3862; x_wconf 85' lang='lat' dir='ltr'><strong>iac·</strong></span> 
     </span>
     <span class='ocr_line' id='line_1_28' title="bbox 497 3914 1640 4003; baseline -0.002 -24"><span class='ocrx_word' id='word_1_251' title='bbox 497 3914 553 3979; x_wconf 75' lang='lat' dir='ltr'><strong>oia</strong></span> <span class='ocrx_word' id='word_1_252' title='bbox 575 3916 684 3982; x_wconf 77' lang='lat' dir='ltr'><strong>ierne</strong></span> <span class='ocrx_word' id='word_1_253' title='bbox 707 3919 889 3983; x_wconf 85' lang='lat' dir='ltr'><strong>vibrazioni</strong></span> <span class='ocrx_word' id='word_1_254' title='bbox 914 3920 1046 4003; x_wconf 81' lang='lat' dir='ltr'><strong>eguaii:</strong></span> <span class='ocrx_word' id='word_1_255' title='bbox 1075 3916 1144 3983; x_wconf 84' lang='lat' dir='ltr'><strong>cosi</strong></span> <span class='ocrx_word' id='word_1_256' title='bbox 1179 3921 1212 3983; x_wconf 92' lang='lat' dir='ltr'><strong>in</strong></span> <span class='ocrx_word' id='word_1_257' title='bbox 1249 3926 1365 4000; x_wconf 87' lang='lat' dir='ltr'><strong>questo</strong></span> <span class='ocrx_word' id='word_1_258' title='bbox 1400 3919 1476 3982; x_wconf 83' lang='lat' dir='ltr'><strong>mio&#39;</strong></span> <span class='ocrx_word' id='word_1_259' title='bbox 1500 3916 1640 3999; x_wconf 86' lang='lat' dir='ltr'><strong>pendoio</strong></span> 
     </span>
     <span class='ocr_line' id='line_1_29' title="bbox 493 4035 1637 4123; baseline 0.001 -24"><span class='ocrx_word' id='word_1_260' title='bbox 493 4035 760 4116; x_wconf 67' lang='lat' dir='ltr'><strong>sempiternom,</strong></span> <span class='ocrx_word' id='word_1_261' title='bbox 785 4056 803 4100; x_wconf 88' lang='lat' dir='ltr'><strong>e</strong></span> <span class='ocrx_word' id='word_1_262' title='bbox 825 4055 891 4102; x_wconf 92' lang='lat' dir='ltr'><strong>non</strong></span> <span class='ocrx_word' id='word_1_263' title='bbox 912 4045 1063 4123; x_wconf 78' lang='lat' dir='ltr'><strong>suggetto</strong></span> <span class='ocrx_word' id='word_1_264' title='bbox 1082 4039 1124 4102; x_wconf 86' lang='lat' dir='ltr'><strong>ari</strong></span> <span class='ocrx_word' id='word_1_265' title='bbox 1143 4039 1342 4103; x_wconf 88' lang='lat' dir='ltr'><strong>aiterazione</strong></span> <span class='ocrx_word' id='word_1_266' title='bbox 1361 4037 1497 4113; x_wconf 77' lang='lat' dir='ltr'><strong>nicona,</strong></span> <span class='ocrx_word' id='word_1_267' title='bbox 1513 4036 1539 4099; x_wconf 84' lang='lat' dir='ltr'><strong>si</strong></span> <span class='ocrx_word' id='word_1_268' title='bbox 1555 4052 1637 4100; x_wconf 87' lang='lat' dir='ltr'><strong>con·</strong></span> 
     </span>
     <span class='ocr_line' id='line_1_30' title="bbox 493 4152 1638 4240; baseline 0.003 -24"><span class='ocrx_word' id='word_1_269' title='bbox 493 4152 582 4217; x_wconf 85' lang='lat' dir='ltr'><strong>tione</strong></span> <span class='ocrx_word' id='word_1_270' title='bbox 607 4154 630 4217; x_wconf 88' lang='lat' dir='ltr'><strong>it</strong></span> <span class='ocrx_word' id='word_1_271' title='bbox 654 4155 754 4220; x_wconf 85' lang='lat' dir='ltr'><strong>morio</strong></span> <span class='ocrx_word' id='word_1_272' title='bbox 777 4157 810 4221; x_wconf 88' lang='lat' dir='ltr'><strong>di</strong></span> <span class='ocrx_word' id='word_1_273' title='bbox 845 4165 1038 4222; x_wconf 88' lang='lat' dir='ltr'><strong>mantenere</strong></span> <span class='ocrx_word' id='word_1_274' title='bbox 1062 4176 1192 4240; x_wconf 85' lang='lat' dir='ltr'><strong>sempre</strong></span> <span class='ocrx_word' id='word_1_275' title='bbox 1213 4157 1424 4240; x_wconf 84' lang='lat' dir='ltr'><strong>eguaiissime</strong></span> <span class='ocrx_word' id='word_1_276' title='bbox 1449 4155 1478 4217; x_wconf 88' lang='lat' dir='ltr'><strong>ie</strong></span> <span class='ocrx_word' id='word_1_277' title='bbox 1514 4154 1638 4220; x_wconf 89' lang='lat' dir='ltr'><strong>misnre</strong></span> 
     </span>
     <span class='ocr_line' id='line_1_31' title="bbox 493 4271 1636 4357; baseline 0.003 -22"><span class='ocrx_word' id='word_1_278' title='bbox 493 4271 546 4336; x_wconf 76' lang='lat' dir='ltr'><strong>dei</strong></span> <span class='ocrx_word' id='word_1_279' title='bbox 569 4278 694 4356; x_wconf 86' lang='lat' dir='ltr'><strong>tempo.</strong></span> <span class='ocrx_word' id='word_1_280' title='bbox 717 4272 786 4340; x_wconf 87' lang='lat' dir='ltr'><strong>Ora</strong></span> <span class='ocrx_word' id='word_1_281' title='bbox 808 4277 943 4342; x_wconf 86' lang='lat' dir='ltr'><strong>intende</strong></span> <span class='ocrx_word' id='word_1_282' title='bbox 959 4278 997 4341; x_wconf 90' lang='lat' dir='ltr'><strong>V.</strong></span> <span class='ocrx_word' id='word_1_283' title='bbox 1015 4278 1045 4341; x_wconf 87' lang='lat' dir='ltr'><strong>S.</strong></span> <span class='ocrx_word' id='word_1_284' title='bbox 1070 4276 1251 4349; x_wconf 83' lang='lat' dir='ltr'><strong>litostriss.‚</strong></span> <span class='ocrx_word' id='word_1_285' title='bbox 1268 4275 1404 4339; x_wconf 88' lang='lat' dir='ltr'><strong>insieme</strong></span> <span class='ocrx_word' id='word_1_286' title='bbox 1421 4274 1472 4338; x_wconf 88' lang='lat' dir='ltr'><strong>coi</strong></span> <span class='ocrx_word' id='word_1_287' title='bbox 1493 4273 1559 4357; x_wconf 73' lang='lat' dir='ltr'><strong>Sip.</strong></span> <span class='ocrx_word' id='word_1_288' title='bbox 1575 4272 1636 4339; x_wconf 86' lang='lat' dir='ltr'><strong>Or·</strong></span> 
     </span>
     <span class='ocr_line' id='line_1_32' title="bbox 493 4389 1636 4476; baseline 0.003 -24"><span class='ocrx_word' id='word_1_289' title='bbox 493 4391 626 4466; x_wconf 74' lang='lat' dir='ltr'><strong>tensio,</strong></span> <span class='ocrx_word' id='word_1_290' title='bbox 648 4394 746 4473; x_wconf 85' lang='lat' dir='ltr'><strong>quate</strong></span> <span class='ocrx_word' id='word_1_291' title='bbox 770 4413 788 4458; x_wconf 91' lang='lat' dir='ltr'><strong>e</strong></span> <span class='ocrx_word' id='word_1_292' title='bbox 811 4403 936 4476; x_wconf 88' lang='lat' dir='ltr'><strong>quanto</strong></span> <span class='ocrx_word' id='word_1_293' title='bbox 960 4398 1009 4459; x_wconf 85' lang='lat' dir='ltr'><strong>sia</strong></span> <span class='ocrx_word' id='word_1_294' title='bbox 1043 4396 1063 4457; x_wconf 88' lang='lat' dir='ltr'><strong>ii</strong></span> <span class='ocrx_word' id='word_1_295' title='bbox 1099 4396 1259 4460; x_wconf 83' lang='lat' dir='ltr'><strong>henetizio</strong></span> <span class='ocrx_word' id='word_1_296' title='bbox 1295 4393 1379 4457; x_wconf 86' lang='lat' dir='ltr'><strong>nette</strong></span> <span class='ocrx_word' id='word_1_297' title='bbox 1413 4389 1636 4457; x_wconf 82' lang='lat' dir='ltr'><strong>osaervazioni</strong></span> 
     </span>
     <span class='ocr_line' id='line_1_33' title="bbox 493 4511 1639 4596; baseline 0.003 -24"><span class='ocrx_word' id='word_1_298' title='bbox 493 4512 758 4590; x_wconf 73' lang='lat' dir='ltr'><strong>normannicae,</strong></span> <span class='ocrx_word' id='word_1_299' title='bbox 786 4532 844 4596; x_wconf 90' lang='lat' dir='ltr'><strong>per</strong></span> <span class='ocrx_word' id='word_1_300' title='bbox 881 4515 909 4577; x_wconf 89' lang='lat' dir='ltr'><strong>ie</strong></span> <span class='ocrx_word' id='word_1_301' title='bbox 943 4515 1033 4595; x_wconf 83' lang='lat' dir='ltr'><strong>quati</strong></span> <span class='ocrx_word' id='word_1_302' title='bbox 1058 4532 1124 4578; x_wconf 93' lang='lat' dir='ltr'><strong>non</strong></span> <span class='ocrx_word' id='word_1_303' title='bbox 1160 4512 1178 4577; x_wconf 75' lang='lat' dir='ltr'><strong>e</strong></span> <span class='ocrx_word' id='word_1_304' title='bbox 1215 4513 1400 4578; x_wconf 84' lang='lat' dir='ltr'><strong>necessario</strong></span> <span class='ocrx_word' id='word_1_305' title='bbox 1430 4511 1481 4575; x_wconf 79' lang='lat' dir='ltr'><strong>iar</strong></span> <span class='ocrx_word' id='word_1_306' title='bbox 1514 4511 1639 4575; x_wconf 86' lang='lat' dir='ltr'><strong>andare</strong></span> 
     </span>
     <span class='ocr_line' id='line_1_34' title="bbox 496 4632 1638 4717; baseline -0.001 -21"><span class='ocrx_word' id='word_1_307' title='bbox 496 4636 767 4712; x_wconf 79' lang='lat' dir='ltr'><strong>perpetuamenre</strong></span> <span class='ocrx_word' id='word_1_308' title='bbox 791 4634 811 4698; x_wconf 88' lang='lat' dir='ltr'><strong>i&#39;</strong></span> <span class='ocrx_word' id='word_1_309' title='bbox 824 4635 984 4717; x_wconf 80' lang='lat' dir='ltr'><strong>orologio,</strong></span> <span class='ocrx_word' id='word_1_310' title='bbox 1010 4650 1066 4697; x_wconf 90' lang='lat' dir='ltr'><strong>ma</strong></span> <span class='ocrx_word' id='word_1_311' title='bbox 1090 4635 1183 4697; x_wconf 86' lang='lat' dir='ltr'><strong>basta</strong></span> <span class='ocrx_word' id='word_1_312' title='bbox 1203 4651 1260 4715; x_wconf 89' lang='lat' dir='ltr'><strong>per</strong></span> <span class='ocrx_word' id='word_1_313' title='bbox 1284 4633 1373 4697; x_wconf 81' lang='lat' dir='ltr'><strong>t&#39;om</strong></span> <span class='ocrx_word' id='word_1_314' title='bbox 1396 4632 1438 4696; x_wconf 84' lang='lat' dir='ltr'><strong>ria</strong></span> <span class='ocrx_word' id='word_1_315' title='bbox 1453 4634 1638 4698; x_wconf 84' lang='lat' dir='ltr'><strong>numerarsi</strong></span> 
     </span>
     <span class='ocr_line' id='line_1_35' title="bbox 497 4749 1639 4836; baseline 0.004 -27"><span class='ocrx_word' id='word_1_316' title='bbox 497 4764 517 4809; x_wconf 83' lang='lat' dir='ltr'><strong>o</strong></span> <span class='ocrx_word' id='word_1_317' title='bbox 533 4749 672 4824; x_wconf 81' lang='lat' dir='ltr'><strong>meridie,</strong></span> <span class='ocrx_word' id='word_1_318' title='bbox 698 4770 824 4819; x_wconf 78' lang='lat' dir='ltr'><strong>orvero</strong></span> <span class='ocrx_word' id='word_1_319' title='bbox 840 4755 880 4818; x_wconf 81' lang='lat' dir='ltr'><strong>ob</strong></span> <span class='ocrx_word' id='word_1_320' title='bbox 894 4771 1018 4827; x_wconf 78' lang='lat' dir='ltr'><strong>occasu,</strong></span> <span class='ocrx_word' id='word_1_321' title='bbox 1034 4768 1150 4834; x_wconf 74' lang='lat' dir='ltr'><strong>sapere</strong></span> <span class='ocrx_word' id='word_1_322' title='bbox 1168 4750 1197 4815; x_wconf 88' lang='lat' dir='ltr'><strong>ie</strong></span> <span class='ocrx_word' id='word_1_323' title='bbox 1213 4752 1357 4819; x_wconf 85' lang='lat' dir='ltr'><strong>minozie</strong></span> <span class='ocrx_word' id='word_1_324' title='bbox 1373 4752 1425 4818; x_wconf 88' lang='lat' dir='ltr'><strong>det</strong></span> <span class='ocrx_word' id='word_1_325' title='bbox 1439 4758 1551 4836; x_wconf 86' lang='lat' dir='ltr'><strong>tempo</strong></span> <span class='ocrx_word' id='word_1_326' title='bbox 1566 4754 1639 4816; x_wconf 85' lang='lat' dir='ltr'><strong>sino</strong></span> 
     </span>
    </p>
   </div>
   <div class='ocr_carea' id='block_1_5' title="bbox 0 0 2130 5895">
    <p class='ocr_par' dir='ltr' id='par_1_5' title="bbox 0 0 2130 5895">
     <span class='ocr_line' id='line_1_36' title="bbox 0 0 2130 5895; baseline 0 0"><span class='ocrx_word' id='word_1_327' title='bbox 0 0 2130 5895; x_wconf 95' lang='lat' dir='ltr'><strong> </strong></span> 
     </span>
    </p>
   </div>
  </div>
 </body>
</html>
