4250 5900
498 671 560 735 114
854 681 1026 737 Ι,ΕΠΕΙὶΕ
1046 681 1083 737 Dl
1103 678 1269 736 destino

495 830 595 885 totum
618 821 776 901 neqotium
798 816 1049 881 communicavit.
1073 813 1164 878 Inter
1184 814 1262 878 aiios
1297 813 1409 895 quibus
1446 816 1532 894 sacta
1565 814 1624 894 [uit

498 937 630 1001 inuenti
652 937 780 1000 detectio
802 942 871 998 erat
894 933 1003 998 nubitis
1027 930 1213 1012 Huqenius,
1235 928 1447 996 Diustrissimi
1471 931 1628 1013 Principis·

496 1054 630 1118 duriori
654 1052 868 1129 Secretarius,
891 1052 948 1134 qui
970 1049 1101 1114 Domini
1125 1046 1236 1113 Gaiiiei
1251 1050 1444 1131 propositum
1468 1051 1628 1132 epiqram·

495 1182 576 1236 mate
597 1179 807 1254 prosequutus
830 1179 890 1234 est:
913 1171 969 1233 boc
989 1177 1059 1250 post
1082 1167 1125 1231 ad
1147 1166 1364 1233 Clarissimum
1377 1165 1531 1232 Dacicum
1551 1169 1628 1232 mis·

494 1309 581 1362 sum:
603 1308 735 1371 euinque
757 1285 886 1352 Leidam
905 1305 1010 1369 pauco
1032 1285 1203 1368 interiapso
1225 1295 1360 1371 tempore
1381 1288 1533 1361 uenirem,
1556 1286 1629 1351 Cia-

494 1410 637 1472 rissimus
674 1403 782 1470 Goiius
816 1423 880 1470 non
913 1403 1003 1470 modo
1035 1402 1166 1468 Inventi
1200 1400 1370 1484 Galibani,
1401 1404 1455 1470 sed
1484 1414 1513 1468 et
1544 1407 1627 1470 modi

496 1525 681 1592 observandi
703 1524 837 1591 tostabs
859 1524 932 1606 {ecit
949 1524 1150 1596 mentionem,
1174 1522 1418 1607 &memorique
1440 1524 1539 1588 etiam
1556 1533 1626 1588 stu·

494 1644 588 1707 diosis
612 1642 802 1726 quibusdam
824 1641 908 1706 bunc
930 1641 1117 1708 innotuisse.
1139 1636 1287 1723 Sequuta
1302 1638 1366 1721 [rsit
1385 1638 1561 1706 Decmanni
1582 1641 1626 1704 ad

494 1779 542 1823 me
564 1759 713 1843 epistota,
737 1776 802 1842 qua
824 1758 968 1840 roqacit,
994 1764 1029 1820 ut
1053 1754 1157 1840 (quia
1178 1757 1263 1821 inter
1298 1754 1538 1822 commissarios
1571 1757 1625 1820 de-

494 1880 590 1941 tectus
613 1877 718 1960 {uerat
726 1877 743 1962 )
770 1874 970 1942 Goiitsanum
992 1875 1166 1941 Inventum
1186 1875 1247 1941 sibi
1257 1875 1384 1957 penitus
1411 1876 1625 1940 communica-

495 2007 592 2060 retur.
620 1993 713 2071 Quod
734 2004 907 2078 antequam
925 1995 1067 2078 perfido,
1091 2012 1157 2059 eece
1180 1995 1284 2058 literas
1314 2015 1336 2061 a
1369 1993 1496 2061 nonno
1531 1995 1627 2059 adro-

494 2117 560 2179 tont
579 2115 747 2181 Mersenno
759 2133 818 2196 per
834 2113 1052 2178 Becmannum
1066 2114 1241 2178 indicatum
1255 2133 1334 2190 esse,
1349 2114 1434 2198 quod
1456 2111 1537 2181 Nob.
1554 2109 1620 2177 Ga·

493 2235 579 2297 titeus
598 2232 817 2298 quentiorum
847 2231 1066 2313 Lonqitudinis
1094 2233 1254 2307 moliatur,
1285 2251 1415 2317 eamque
1427 2232 1500 2314 iam
1535 2231 1622 2297 obia-

495 2361 559 2415 tam
579 2352 677 2433 [uisse
700 2349 927 2415 illustrissimis
954 2347 1134 2415 Ordinibus.
1170 2350 1253 2414 Petit
1286 2351 1383 2415 simui
1404 2347 1566 2424 Dorium,
1590 2360 1623 2412 ut

488 2488 549 2552 pro
571 2469 710 2533 amicitia
734 2479 843 2534 nostra
864 2471 900 2534 de
923 2488 1048 2535 rumore
1071 2488 1092 2533 a
1114 2468 1297 2534 Bromanno
1328 2469 1466 2535 arbato
1489 2468 1624 2551 {acerem

491 2606 562 2650 curn
585 2587 758 2652 certiorem,
791 2586 863 2668 qu
893 2589 1094 2652 considerans
1117 2589 1198 2652 banc
1221 2587 1340 2668 [arnam
1360 2604 1416 2670 per
1438 2594 1535 2652 totam
1557 2586 1626 2651 Ho-

491 2707 632 2771 tondiam
647 2707 718 2788 iarn
741 2706 890 2792 diffusam
914 2707 1045 2794 (pluries
1068 2708 1153 2770 enim
1175 2707 1243 2789 ejus
1266 2707 1383 2773 conscii·
1391 2705 1464 2788 iarn
1477 2724 1527 2771 me
1542 2725 1627 2771 cosn-

489 2824 659 2912 peitarant)
679 2826 830 2909 taciteque
851 2827 923 2891 inde
946 2825 1104 2891 Lutetiam
1126 2844 1225 2909 usque
1234 2834 1491 2910 penetraturarn,
1514 2826 1627 2908 scripsi

492 2945 619 3011 Morino
641 2944 814 3011 Inventum
837 2946 967 3013 Domini
990 2943 1099 3011 Gotttes·
1123 2948 1183 3012 niti
1205 2946 1414 3013 observationi
1434 2944 1625 3016 rossoton.

492 3083 546 3129 nec
569 3065 744 3148 quidquam
762 3075 943 3148 praecoca,-
960 3067 1034 3130 naec
1060 3074 1128 3131 tota
1148 3065 1241 3146 culpa
1262 3080 1333 3127 mea
1354 3070 1418 3138 est;
1436 3061 1542 3143 fateor
1561 3077 1624 3125 au-

491 3192 552 3246 tem
572 3182 682 3247 meiius
705 3183 851 3265 sutumm
867 3183 976 3265 [uisse.
993 3193 1022 3248 et
1039 3183 1178 3249 Auctore
1197 3180 1313 3248 Gaiiieo
1334 3181 1478 3263 diqnius,
1497 3181 1529 3244 si
1550 3179 1627 3244 ninii

490 3301 640 3378 istorum,
662 3308 834 3383 antequam
855 3302 1138 3366 remunerationem
1168 3300 1364 3375 obtinuisset,
1393 3297 1547 3382 potuissst
1576 3296 1626 3360 di-

490 3419 624 3501 outqari.
665 3417 777 3484 Verum
810 3438 863 3485 oos
897 3421 958 3503 ipsi
990 3420 1217 3503 quodammodo
1245 3419 1352 3502 {aistis
1372 3417 1409 3483 in
1428 3433 1546 3484 rasura
1566 3432 1624 3482 eur

489 3544 553 3600 tam
577 3536 683 3601 ieviter
704 3537 760 3601 boc
784 3537 956 3602 Inventum
979 3539 1170 3612 innotueritr
1192 3554 1367 3622 numquam
1387 3535 1479 3602 stilibi
1494 3535 1533 3600 in
1554 3535 1624 3598 tite·

488 3655 534 3719 ris
556 3655 669 3720 cestris
691 3656 879 3721 mentionem
899 3656 1016 3738 fecistis
1039 3656 1226 3721 oblationem
1248 3654 1377 3719 Inventi
1399 3652 1495 3718 tacito
1516 3651 1622 3716 debers

487 3774 571 3857 fieri,
593 3781 650 3838 aut
673 3750 852 3858 cmpressam
873 3775 989 3840 silentii
1011 3774 1220 3840 conditionem
1245 3792 1267 3838 a
1299 3771 1387 3839 nobis
1419 3770 1621 3856 effiaqitastis.

487 3890 559 3973 Ipse
577 3890 734 3957 Dominus
759 3889 895 3959 Gaiiteus
918 3911 1049 3959 causam
1073 3896 1168 3958 stiam
1189 3892 1330 3975 aiiquam
1357 3889 1507 3974 praebuit
1537 3907 1621 3974 quo-

488 4011 594 4076 minus
617 4010 654 4076 dr
675 4010 799 4077 silentio
821 4029 956 4078 essemus
980 4012 1121 4085 solliciti:
1142 4009 1268 4092 scriqsit
1290 4009 1374 4075 enim
1394 4009 1479 4075 inter
1492 4007 1570 4080 siis,
1586 4023 1619 4070 se

488 4132 569 4195 banc
592 4131 813 4198 inventionem
835 4132 1063 4199 litustrissimis
1089 4129 1262 4197 Ordinibus
1297 4131 1344 4195 ita
1374 4127 1505 4214 odem,
1529 4134 1566 4191 ut
1588 4125 1618 4188 si

489 4248 570 4313 bona
586 4251 765 4331 judicetur,
787 4255 967 4337 recipiatur.
994 4250 1087 4328 Quod
1109 4252 1136 4315 si
1156 4258 1221 4316 tam
1240 4259 1344 4315 sertus
1358 4248 1485 4333 fuirum,
1498 4263 1536 4314 as
1550 4241 1619 4310 Do·

488 4365 620 4431 minatio
642 4378 747 4433 vestra
771 4370 891 4444 scribit,
916 4387 1021 4436 nonne
1053 4370 1158 4451 potius
1192 4385 1265 4434 cum
1297 4365 1412 4452 iduma
1441 4363 1543 4429 dicere
1563 4361 1618 4426 ds-

487 4484 603 4549 buisset
625 4503 658 4549 ss
681 4486 791 4552 babere
806 4488 1022 4554 incentionem
1050 4497 1186 4562 certam,
1211 4507 1248 4553 ac
1270 4485 1503 4563 indubitatur,
1525 4491 1555 4548 st
1571 4481 1618 4546 si·

486 4603 617 4667 dentium
639 4624 659 4669 a
682 4607 777 4670 nobiti
799 4606 927 4685 Reatio,
950 4611 1139 4692 caeterisque
1177 4604 1402 4671 Commissariis
1426 4600 1523 4667 tantis
1541 4616 1618 4684 per·

484 4731 606 4801 petere,
630 4726 724 4788 donec
747 4727 810 4807 ipso
825 4747 892 4791 eam
909 4728 1134 4794 Dtustrissirnis
1152 4726 1293 4791 Dominis
1315 4720 1502 4789 obtulisset?
1522 4717 1619 4802 Apud
