4250 5900
615 684 681 748 292
970 698 1141 755 inlinisi:
1162 698 1197 758 nl
1218 697 1382 755 (irmino

614 833 734 909 Terra,
759 833 780 895 ii
803 833 863 895 che
885 829 903 892 e
928 830 1030 903 iais03
1054 828 1260 913 imperooehe
1291 831 1402 913 qneiio
1427 831 1486 895 ene
1518 829 1743 895 neii'eeeiisse

615 950 730 1016 innnre
753 951 878 1015 rimone
901 948 1192 1031 somministratote
1224 950 1277 1013 dei
1309 967 1370 1014 suo
1392 953 1479 1014 etere
1501 948 1695 1024 ambiente,
1726 944 1746 1011 i

613 1068 645 1131 di
670 1067 886 1149 tunghissimo
908 1066 1084 1130 intervniio
1107 1067 1261 1132 interiore
1284 1066 1455 1131 nicander
1477 1067 1527 1130 dei
1547 1065 1746 1132 novilunio:

613 1186 674 1248 ohe
697 1184 830 1265 quondo
845 1183 929 1247 insse
945 1186 1098 1265 prodotto
1112 1185 1190 1248 dait’
1205 1187 1319 1249 istesso
1341 1201 1465 1261 nauso,
1484 1182 1586 1248 molto
1602 1202 1623 1249 e
1641 1184 1748 1249 moito

613 1303 782 1385 mnggiore
809 1301 991 1366 doverebbe
1021 1304 1191 1367 mostrnrsi
1223 1299 1456 1370 nett'onenriti
1482 1302 1571 1369 deiin
1592 1308 1693 1368 notte
1716 1301 1750 1364 ni

615 1428 724 1502 tempo
748 1418 822 1483 deii’
835 1420 991 1495 sentisse,
1014 1420 1075 1484 che
1099 1423 1186 1486 neito
1215 1421 1387 1503 splendore
1414 1421 1466 1486 dei
1490 1428 1602 1487 nostm
1623 1436 1751 1500 erepu-

611 1538 721 1611 scoio.
744 1555 838 1601 come
862 1538 947 1600 nitra
971 1538 1060 1630 voitn
1085 1539 1116 1606 ti
1149 1554 1244 1618 sopra
1277 1538 1432 1603 nbbinmo
1462 1537 1562 1601 detto.
1591 1537 1748 1619 nogion.-

612 1656 745 1739 ghinmo
768 1655 800 1717 di
824 1650 903 1735 piri,
926 1654 987 1717 ohe
1015 1640 1135 1718 t’e'sser
1167 1655 1376 1736 egunimnnte
1410 1653 1531 1718 diiinso
1554 1652 1576 1715 ii
1595 1651 1747 1718 modone

612 1790 670 1853 per
693 1776 779 1835 tutto
800 1768 823 1831 ii
846 1769 937 1832 diseo
962 1769 1098 1844 innare,
1120 1771 1149 1831 oi
1175 1770 1322 1836 ossieura
1356 1769 1482 1852 oh’egii
1507 1785 1573 1834 non
1595 1768 1745 1850 depende

612 1889 688 1954 dnit’
700 1895 788 1953 etere
805 1888 989 1961 ambiente,
1005 1887 1027 1949 it
1047 1888 1144 1966 quote
1163 1905 1227 1950 non
1245 1885 1263 1950 e
1282 1872 1638 1968 potente'adnrrivme
1656 1887 1748 1951 notio

612 2009 698 2091 parti
722 2008 754 2072 di
779 2025 891 2072 mezzo
915 2006 968 2069 dei
992 2007 1084 2071 disco
1109 2007 1245 2080 tunore,
1269 2008 1302 2068 in
1327 2006 1404 2087 quei
1426 2005 1527 2071 modo
1547 2005 1612 2070 eine
1628 2005 1653 2068 ii
1673 2022 1748 2070 om·

612 2127 747 2210 puseoio
770 2133 880 2189 nostro
906 2143 970 2190 non
990 2126 1140 2188 ittuminn
1157 2132 1242 2189 tutto
1261 2125 1279 2187 i'
1292 2123 1457 2195 emissenio
1474 2129 1652 2201 terrestre,
1672 2140 1749 2206 per-

612 2242 675 2308 eni
698 2240 766 2308 cosi
794 2261 984 2314 overemmo
1014 2249 1098 2309 tutta
1135 2244 1164 2306 ta
1195 2249 1287 2309 nette
1319 2243 1342 2306 it
1377 2241 1466 2308 inme
1495 2241 1750 2325 crepuseolino,

613 2365 696 2429 dove
718 2362 779 2426 che
801 2380 859 2444 per
876 2364 907 2427 to
924 2363 1076 2446 mnggior
1094 2361 1290 2444 perronella
1313 2362 1415 2427 Terra
1437 2379 1520 2429 sono
1534 2362 1640 2426 molto
1658 2358 1680 2424 1’
1692 2377 1750 2427 ors

613 2488 789 2557 notturne‚
811 2482 872 2546 che
895 2490 1026 2547 restono
1057 2499 1155 2547 senza
1185 2482 1378 2563 erepnsnoto
1400 2480 1484 2546 neiis
1513 2481 1649 2551 ionem
1671 2497 1750 2564 μο-

613 2597 810 2662 tondissime.
845 2598 881 2662 in
915 2597 999 2663 oltre
1032 2615 1095 2662 oon
1120 2614 1202 2679 gran
1231 2597 1367 2680 ragione
1395 2598 1560 2679 posninmn
1585 2597 1746 2671 omnem.

613 2715 675 2780 che
699 2717 820 2781 i'etere
837 2714 1003 2779 ambiente
1025 2716 1057 2778 tn
1074 2717 1170 2780 Lunn
1193 2731 1259 2781 non
1283 2716 1333 2781 sio
1353 2711 1424 2780 oosi
1447 2721 1518 2781 otto
1538 2732 1560 2779 n
1582 2714 1749 2781 mnettsre

488 2907 490 2910 ,
612 2837 622 2899 i
642 2836 735 2918 raggi
759 2836 810 2898 dei
835 2833 909 2900 Soio
932 2851 1029 2914 soom
1054 2833 1084 2896 in
1108 2836 1229 2905 Luna,
1258 2851 1355 2898 nome
1376 2831 1397 2897 ὁ
1420 2833 1618 2898 Ιίυὼίοαω
1641 2848 1749 2914 rapo.-

612 2972 687 3020 roso
709 2971 729 3016 n
754 2954 977 3035 riperonoterii
1000 2955 1154 3035 soprato
1177 2953 1289 3017 Terre.
1314 2947 1524 3034 imperooene
1545 2948 1689 3018 mundo
1711 2949 1747 3016 in

613 3072 801 3136 nniversnin
823 3073 855 3135 tn
878 3072 1015 3136 materie
1039 3069 1114 3135 deti·
1128 3079 1215 3136 erere
1231 3071 1350 3135 celeste
1371 3070 1459 3159 nssni
1481 3066 1538 3152 niti
1562 3084 1645 3150 pora
1667 3069 1746 3136 dei-

613 3190 633 3251 1’
643 3191 843 3254 elementnre
866 3206 985 3262 neren
1007 3186 1076 3254 cosi
1100 3191 1130 3253 in
1155 3195 1247 3272 parte
1266 3190 1342 3256 oeit’
1354 3196 1441 3254 etern
1461 3188 1665 3256 contenente
1677 3192 1744 3256 -in-

612 3314 709 3371 tomo
727 3307 791 3372 niin
810 3306 903 3371 Lunn
927 3307 1092 3390 possiamo
1114 3309 1246 3371 credere
1268 3308 1330 3372 ohe
1353 3308 1402 3373 sio
1425 3307 1511 3372 ossei
1535 3322 1613 3372 men
1629 3305 1746 3382 denso,

612 3425 651 3487 ed
683 3426 716 3488 in
746 3442 975 3508 eonsegnenzn
999 3443 1096 3489 meno
1117 3432 1249 3508 potente
1277 3443 1298 3489 a
1327 3426 1510 3500 reflettere,
1538 3425 1602 3492 nito
1635 3424 1748 3490 i'm

613 3542 816 3606 condensato
847 3559 903 3623 per
934 3543 964 3604 in
991 3542 1141 3607 mistione
1163 3543 1214 3607 dei
1239 3545 1353 3626 vapori
1378 3542 1510 3609 intorno
1537 3543 1614 3608 alin.
1629 3543 1747 3610 Τοπι.

701 3658 769 3726 Che
793 3660 844 3740 poi
878 3659 998 3724 i’etere
1032 3660 1195 3725 ambiente
1229 3662 1260 3724 in
1293 3663 1388 3727 Lunn
1419 3663 1471 3727 sin
1505 3659 1748 3747 monomenta

614 3792 689 3841 men
712 3775 814 3841 denso
837 3775 922 3839 dettn
946 3780 1038 3858 perte
1061 3776 1220 3842 deil'nrin
1244 3795 1403 3860 saporosa
1425 3778 1486 3844 ono
1514 3778 1676 3844 simondn
1711 3778 1746 3844 1ι

614 3894 729 3967 Terra,
752 3911 848 3975 posse
870 3894 903 3957 io
924 3912 989 3959 eon
1011 3892 1124 3958 ohinrn
1147 3896 1335 3977 esperienzn
1357 3896 1409 3960 ior
1430 3895 1617 3962 manifesto.
1641 3898 1655 3962 1
1680 3913 1746 3963 vn·

613 4010 684 4092 pori
707 4011 839 4077 intorno
861 4012 927 4077 niis
950 4012 1052 4076 Terre
1075 4030 1158 4079 sono
1181 4014 1215 4077 rii
1240 4015 1387 4079 maniosa
1410 4015 1518 4087 densi,
1540 4014 1603 4080 nite
1626 4013 1745 4082 itSoio

612 4132 705 4204 posto
727 4128 930 4191 vicinissime
954 4126 1186 4192 nii’orizzonte
1216 4128 1368 4193 iiinmine
1402 4143 1470 4193 nnn
1504 4125 1684 4211 mnrngiin,
1718 4141 1743 4190 n

611 4241 696 4307 nitro
718 4261 818 4322 corno
839 4243 1036 4327 oppostogii,
1059 4246 1162 4309 motio
1185 4244 1390 4312 debotmente
1416 4247 1451 4311 in
1484 4242 1742 4329 commnione

611 4357 664 4424 dei
689 4360 776 4424 inme
798 4360 859 4423 ohe
882 4361 924 4440 gii
950 4377 1093 4444 pergem
1116 4368 1242 4427 mentre
1264 4381 1322 4445 per
1344 4362 1438 4429 motti
1456 4363 1550 4446 gredi
1567 4375 1626 4430 em
1639 4377 1745 4443 sopra

612 4463 811 4543 i’orizzonte
833 4477 976 4549 eievntm
999 4495 1017 4541 e
1040 4485 1157 4558 questo
1181 4481 1283 4544 motio
1306 4480 1447 4546 notabile
1471 4480 1651 4545 differente
1670 4496 1746 4545 non

611 4590 678 4710 ⁹¹¹9
700 4596 892 4676 procedere,
915 4612 972 4675 per
994 4596 1061 4660 mio
1084 4595 1233 4673 credere,
1256 4597 1298 4661 da
1322 4598 1420 4674 nitro,
1458 4615 1493 4662 se
1528 4614 1596 4664 non
1629 4597 1696 4663 otro
1733 4598 1744 4661 i

610 4712 702 4795 neggi
725 4712 778 4777 det
802 4711 874 4779 Soio
897 4713 950 4778 net
974 4720 1175 4781 tramontnre
1199 4714 1309 4779 hanno
1330 4731 1350 4778 n
1374 4721 1561 4782 treverense
1583 4733 1644 4798 nes
1658 4716 1742 4784 inn-
