4250 5900
507 706 571 772 126
855 720 1032 783 LEH’ERE
1050 724 1087 780 Ol
1108 718 1273 780 atestino

502 869 551 915 nee
573 853 609 916 de
632 854 690 918 bae
712 872 746 918 re
768 855 957 938 scriptarum
981 858 1029 920 bic
1052 857 1184 921 adnexis
1214 857 1381 940 percipies:
1414 872 1514 938 quam
1549 850 1627 939 fidu-

501 973 584 1037 ciam
605 992 671 1039 ntea
692 975 734 1039 ad
755 992 807 1039 eas
824 992 971 1058 responso
993 977 1099 1041 sedulo
1120 977 1166 1040 ilii
1184 977 1380 1061 confirmari.
1397 975 1488 1040 nuiia
1503 977 1627 1040 interim

500 1090 537 1154 de
559 1090 627 1169 ejus
650 1092 770 1155 inuenti
789 1092 1001 1174 propalatione
1029 1091 1155 1157 Morino
1176 1099 1205 1155 et
1220 1089 1386 1159 stersmm
1403 1107 1425 1153 a
1442 1090 1530 1154 vobis
1546 1092 1629 1173 sacta

499 1211 670 1287 nuntians,
693 1209 738 1274 iiti
759 1211 879 1286 tabita,
900 1231 941 1276 ne
964 1213 1058 1276 inani
1078 1211 1254 1292 suspicione
1275 1211 1421 1275 animum
1435 1208 1502 1289 eius
1522 1209 1628 1274 obvol-

498 1344 618 1402 verem:
638 1329 674 1393 de
696 1346 733 1394 ea
750 1330 783 1393 id
803 1339 1000 1411 aupnratus‚
1023 1329 1108 1412 quod
1129 1347 1163 1394 re
1186 1330 1254 1410 ipsa
1276 1347 1317 1393 em
1339 1328 1436 1392 biteris
1457 1328 1519 1392 tuis
1543 1346 1629 1392 com·

498 1450 581 1530 peri,
603 1465 657 1514 vos
679 1448 795 1530 seilicet
818 1466 859 1514 ee
880 1450 1041 1514 occasione
1054 1448 1202 1531 onipatae
1218 1449 1255 1513 de
1268 1466 1303 1514 eo
1319 1448 1406 1531 apud
1418 1457 1538 1533 uestros
1554 1446 1628 1514 dia-

500 1577 625 1649 pnates‚
648 1576 677 1633 st
700 1567 901 1633 Academicos
922 1566 1086 1632 Leidenses
1104 1566 1225 1649 famae,
1249 1565 1417 1633 diessenno
1439 1576 1471 1631 et
1504 1565 1628 1633 Morino

497 1703 566 1752 rem
587 1695 713 1753 tantum
733 1687 834 1751 serbis
856 1686 1049 1767 peneraiibus
1084 1686 1276 1767 capessisse,
1310 1693 1341 1750 et
1371 1703 1394 1751 a
1425 1703 1475 1750 me
1504 1693 1627 1766 reputor

498 1820 571 1869 cum
591 1803 646 1881 iis,
668 1802 801 1885 eiiispue
821 1804 858 1867 de
879 1819 917 1867 ea
939 1802 1073 1885 amptius
1091 1800 1412 1884 concomitatur
1428 1801 1568 1884 tamen!
1589 1804 1597 1816 '

497 1929 543 1987 set
566 1919 628 2007 (ut
649 1930 679 1986 et
700 1922 764 2003 ipse
785 1923 929 2004 aemonis
938 1919 955 2006 )
973 1923 1141 1987 inventum
1163 1924 1219 1987 boc
1243 1922 1387 2001 abditum
1408 1930 1628 1988 somersetam

497 2042 607 2125 imese,
638 2041 733 2107 donec
766 2043 795 2106 ei
827 2042 975 2126 coioptton
1010 2043 1176 2125 impositus
1210 2050 1303 2115 esset,
1327 2060 1362 2107 re
1385 2043 1459 2125 ipsa
1478 2042 1550 2107 sine
1569 2042 1628 2106 aiio

497 2161 621 2228 monitu
640 2160 798 2226 nientinm
830 2163 907 2227 satis
940 2162 1105 2226 indicente.
1141 2160 1215 2227 Nan
1245 2168 1415 2244 propterea
1444 2168 1566 2232 tamem
1592 2169 1627 2224 ut

496 2297 600 2361 spero,
621 2280 828 2345 inestimabili
849 2282 917 2361 ejus
939 2282 1073 2357 merito,
1097 2289 1128 2344 et
1149 2277 1299 2346 Auctoris
1318 2278 1434 2345 'bonosi
1466 2278 1629 2360 dnapabi·

498 2409 565 2467 tur.
589 2417 687 2480 quam
709 2400 924 2465 indubitatam
945 2402 1013 2482 ejus
1037 2401 1202 2465 veritatem
1223 2401 1289 2484 ipso
1310 2400 1396 2483 facto
1424 2398 1513 2465 nabis
1545 2416 1628 2462 com-

492 2518 629 2601 probare
647 2527 782 2600 paratm
805 2521 858 2582 sit.
883 2519 945 2583 Nec
968 2520 1051 2583 enim
1076 2519 1160 2601 quod
1180 2520 1216 2584 in
1249 2519 1470 2601 Propositione
1498 2535 1562 2583 sua
1588 2515 1629 2580 ad

496 2635 731 2700 Iitnstrissimos
759 2635 889 2700 Ordines
914 2637 1095 2701 dubitanter
1118 2638 1195 2701 iilud
1220 2636 1389 2720 pretntme
1406 2634 1566 2709 rideatur,
1594 2652 1629 2698 eo

494 2771 590 2818 senen
611 2754 644 2816 id
665 2752 886 2834 accipiendum
908 2762 974 2824 est,
999 2755 1092 2835 quasi
1114 2772 1148 2817 re
1170 2771 1246 2818 ocra
1267 2753 1304 2816 de
1326 2772 1361 2818 eo
1383 2750 1498 2817 dubius
1521 2752 1629 2834 fuerit.

493 2875 700 2955 Importunas
734 2872 899 2955 siquidem,
934 2892 990 2936 nec
1026 2872 1226 2937 excusandae
1249 2871 1429 2937 temeritatis
1452 2870 1627 2954 medus

492 2995 584 3075 soret,
608 2994 636 3056 si
658 2991 885 3057 illustrissimis
911 2991 1082 3059 Ordinibus
1105 3013 1145 3058 ea
1169 3003 1233 3058 tam
1256 2992 1435 3076 donpinqnis
1452 2991 1517 3057 otis
1531 3010 1553 3058 a
1568 3009 1626 3054 ne·

492 3114 576 3176 mine
597 3111 780 3195 requisitus,
804 3112 850 3176 rei
864 3113 1003 3176 incertae
1019 3114 1230 3176 ostentatione
1247 3110 1413 3182 illusissets
1426 3125 1541 3174 venem
1558 3126 1628 3172 mo-

493 3230 607 3295 destiae
628 3233 774 3296 omnibus
793 3231 957 3313 primariis
981 3229 1192 3312 Pbiiasopbis‚
1215 3229 1286 3293 ticet
1309 3227 1510 3311 dapmatisis,
1532 3226 1629 3309 [nni-

492 3343 565 3409 iiari
585 3346 619 3409 id
642 3348 858 3422 tribuendum,
882 3347 1013 3410 inventa
1035 3364 1111 3420 sua,
1129 3354 1158 3409 et
1180 3346 1341 3427 opiniones
1352 3344 1504 3429 proprias
1521 3342 1623 3408 verbis

491 3472 528 3527 ut
545 3463 720 3545 plurimum
741 3465 896 3546 scepticis‚
920 3473 949 3527 et
968 3464 1069 3528 dubiis
1081 3464 1346 3547 proponentibus:
1359 3479 1437 3528 narn
1451 3469 1490 3527 ut
1508 3460 1626 3534 dim,

491 3584 646 3666 quadres
668 3593 725 3656 est,
750 3593 779 3648 et
802 3585 885 3666 quod
907 3585 988 3648 mibi
1006 3585 1046 3648 ab
1069 3605 1104 3649 co
1128 3592 1276 3649 testatum
1299 3601 1341 3649 esc
1363 3584 1434 3666 ejus
1457 3581 1558 3648 literis
1575 3582 1625 3644 ni·

493 3703 560 3776 des,
585 3704 749 3767 inventum
772 3705 827 3768 bac
851 3723 947 3767 suurn
971 3701 987 3785 (
997 3714 1032 3768 ut
1054 3706 1144 3786 prins
1167 3703 1210 3768 ad
1231 3711 1259 3767 te
1281 3703 1441 3785 scripsisse
1472 3695 1628 3785 memini)

484 3820 591 3903 primo
612 3820 672 3884 sibi
694 3829 899 3902 compertum,
922 3820 1031 3886 deinde
1047 3822 1125 3903 jnpi
1145 3822 1318 3885 muitarum
1336 3835 1500 3886 ammes
1516 3820 1625 3886 obser·

490 3940 633 4050 rationu,
653 3948 682 4003 et
703 3940 825 4004 iteratis
859 3942 1083 4021 experimentis
1118 3943 1350 4024 confirmatum,
1379 3937 1626 4022 sibique'prisss

486 4055 680 4140 penitissime
700 4060 862 4139 capnitnm
893 4060 977 4122 estut
1007 4059 1132 4123 coeleste
1166 4059 1302 4130 Oneum,
1335 4057 1487 4141 mnnipus
1505 4053 1630 4122 mbo

486 4177 631 4257 potentia
652 4175 884 4257 dipnissimum
909 4174 1138 4240 illustrissimis
1162 4174 1307 4240 Omnints
1343 4171 1519 4242 Ordinibus
1547 4171 1628 4238 sub·

490 4296 596 4369 misse,
620 4304 649 4359 et
671 4303 863 4371 reverenter,
886 4313 942 4358 nec
964 4295 1049 4377 [elici
1071 4296 1129 4360 bac
1151 4305 1235 4359 sorte
1269 4296 1330 4360 sibi
1365 4293 1522 4358 dicimini
1549 4307 1630 4358 ean·

490 4431 576 4477 cessa
598 4422 767 4479 tumescere
788 4416 961 4488 videretur,
985 4432 1181 4497 quamquam
1202 4415 1237 4479 de
1260 4415 1328 4495 eius
1351 4414 1487 4479 usitate
1519 4410 1629 4477 nda-

494 4540 584 4594 tenus
604 4551 717 4615 anceps
741 4542 799 4598 aut·
821 4535 936 4598 dubius
960 4542 1049 4607 esset,
1074 4534 1200 4598 iliorum
1224 4534 1383 4599 beraicam
1404 4532 1573 4606 uirtutem,
1598 4537 1628 4593 st

492 4649 675 4714 celebratam
695 4654 866 4732 potentiam
889 4655 931 4717 ad
948 4655 1087 4735 expetiti,
1110 4663 1139 4716 et
1156 4653 1310 4733 insperati
1324 4649 1515 4716 uniuersalis
1528 4647 1626 4730 istius

497 4767 567 4830 boni
585 4770 817 4848 perfectionem,
837 4792 913 4853 prae
936 4774 1079 4836 omnibus
1103 4774 1174 4836 abiis
1197 4770 1366 4853 propitiam
1384 4770 1452 4853 fote
1469 4767 1625 4856 confident
