4250 5900
955 681 1059 740 Mitto
1078 669 1163 737 1637
1571 675 1635 744 189

493 818 532 882 im
546 824 706 900 parumn
728 815 762 880 id
782 817 823 878 sit
843 824 1056 897 suscepturas.
1080 814 1194 899 Elapsi
1216 818 1332 881 mensis
1359 815 1500 885 Octobris
1515 820 1564 886 die
1582 822 1637 887 de-

496 943 582 1002 cima
602 935 645 1000 ad
665 943 693 1000 te
713 935 837 1016 scripsi,
861 942 891 997 et
912 942 985 999 ante
1008 933 1172 998 netidaam
1190 952 1247 1016 per
1272 933 1427 999 Ioannem
1467 935 1635 1003 Vanleiden

496 1064 663 1122 vestratem
689 1052 914 1130 Tabellariam,
938 1052 1081 1117 Baiiaidi
1101 1051 1303 1134 fascinatum,
1327 1055 1362 1117 ia
1390 1073 1454 1137 aaa
1487 1055 1556 1136 dns
1588 1065 1634 1121 est

499 1174 618 1239 libellas
641 1174 677 1237 de
700 1180 821 1238 natura
843 1171 921 1238 iacis
944 1171 984 1238 ai
1007 1170 1285 1245 enzitinensis,
1308 1172 1350 1237 ad
1372 1181 1401 1237 te
1434 1173 1517 1238 misi.
1549 1172 1636 1240 Pra·
1696 1260 1699 1267 y

494 1293 588 1358 aima
608 1291 821 1363 nebdamdda.
844 1297 1006 1356 annuente
1024 1289 1114 1365 Deo,
1135 1289 1178 1354 nd
1198 1288 1426 1354 nabitissimam
1449 1289 1635 1372 ansninm

494 1411 647 1489 saritam,
670 1408 861 1494 denasque,
883 1426 963 1492 anas
986 1427 1074 1473 nana
1090 1425 1152 1491 per
1175 1415 1295 1490 tempas
1328 1423 1464 1473 exarare
1497 1425 1563 1473 nan
1594 1406 1636 1472 ii-

450 1579 453 1583 .
494 1531 585 1607 enit,
606 1528 654 1593 itii
676 1526 845 1594 tradendas
867 1527 910 1591 ad
931 1534 960 1590 te
982 1525 1118 1591 mittam.
1142 1523 1338 1608 Responsum
1361 1533 1453 1588 taam
1487 1525 1531 1589 ad
1552 1525 1632 1589 itane

492 1665 596 1715 meam
617 1648 718 1712 anxie
740 1644 920 1729 expectata.
947 1642 1029 1710 Vate.

630 1894 769 1945 mmo
791 1894 943 1944 onemo
964 1897 985 1942 a
1007 1893 1199 1943 casrnnrma
1222 1892 1338 1943 asama
1362 1874 1492 1941 npn’m

740 2101 956 2179 Amsterdam,
982 2101 1000 2166 t
1024 2101 1191 2168 Decembre
1220 2098 1307 2168 16³7
1332 2098 1380 2188 (1)

567 2323 655 2373 Taras
678 2337 692 2373 s
716 2321 875 2374 raileaitsrta
891 2322 989 2385 perche
1005 2333 1137 2384 sansagus
1153 2321 1223 2386 degli
1238 2321 1304 2372 Steti
1318 2319 1442 2372 Generali
1461 2321 1479 2370 il
1503 2333 1563 2383 par·

565 2407 653 2446 messa
674 2395 717 2446 del
738 2408 787 2446 aaa
802 2396 902 2459 ringgia
921 2396 949 2444 ia
965 2393 1038 2445 ltalia
1066 2395 1153 2445 finahi
1177 2394 1205 2445 la
1229 2399 1295 2446 stato
1320 2396 1345 2444 di
1366 2392 1466 2445 Gatsseo
1483 2391 1559 2443 iussin

563 2481 688 2532 speram
704 2469 755 2520 eho
769 2471 811 2520 aid
826 2484 902 2533 paru
918 2470 1055 2521 utilmeata
1070 2469 1223 2521 effattanrri.

581 2694 782 2780 Anpiinime
805 2695 951 2764 Domine.
972 2695 1097 2762 Literas
1120 2714 1200 2778 quas
1222 2699 1328 2779 aeeepi
1352 2714 1375 2761 a
1397 2695 1462 2760 Dn.
1486 2694 1627 2761 Dendata

491 2814 550 2881 titt
572 2815 685 2891 mitta,
707 2823 744 2880 net
760 2815 994 2897 prnntnran:
1017 2815 1101 2878 unde
1120 2812 1241 2895 petetis
1263 2812 1511 2896 acceptatissima
1537 2811 1632 2876 resti·

493 2934 574 3000 tatia
598 2931 789 2999 astetadiais
814 2931 988 2997 Clarissimi
1010 2930 1105 2998 Senis
1129 2929 1286 3007 eatstan,
1306 2932 1359 2997 eni
1393 2932 1429 2997 in
1458 2929 1631 3015 praeestis·

489 3054 569 3120 sina
601 3053 656 3119 ida
686 3054 775 3119 senia
801 3053 886 3118 sires
914 3052 1040 3118 restitns
1068 3052 1217 3117 videntur
1241 3051 1404 3128 redditae,
1437 3051 1629 3135 saffeetnrae

489 3172 679 3256 perpe-'eam
695 3172 884 3238 admiranda
905 3172 952 3236 itti
974 3172 1122 3247 inventa,
1144 3171 1227 3252 qaod
1248 3171 1361 3236 nastri.
1383 3168 1422 3235 Si
1444 3179 1503 3236 taa
1529 3171 1631 3236 inter·

493 3293 631 3357 mear
653 3292 741 3375 apud
764 3291 959 3356 Clarissimas
975 3289 1127 3355 Dominus
1144 3287 1278 3354 Ordines
1299 3287 1467 3355 GeneraIes
1483 3288 1632 3374 effeceris,

493 3418 531 3475 at
552 3409 596 3475 ad
616 3428 688 3477 eum
710 3412 746 3474 in
768 3410 898 3476 Italiam
916 3427 1089 3493 properare
1107 3410 1247 3493 passim,
1269 3417 1299 3473 et
1321 3407 1536 3474 venerandam
1568 3405 1630 3473 Se·

493 3545 567 3594 esst
587 3529 671 3595 inter
691 3531 778 3595 ninas
797 3531 974 3613 reperiam,
991 3537 1075 3595 certe
1095 3530 1177 3594 anni
1198 3530 1296 3611 ipsias
1318 3537 1348 3593 et
1383 3517 1545 3623 nonsatis
1572 3544 1630 3593 ae-

492 3645 686 3713 stimaaian
708 3649 873 3713 inventam
894 3647 1014 3713 nudam
1037 3666 1161 3715 moram
1181 3648 1323 3731 deinceps
1340 3649 1525 3732 patiantan·
1553 3663 1630 3711 nam

494 3763 690 3830 inemeribile
712 3767 815 3848 tatnm
831 3775 875 3830 est
892 3766 1095 3831 mortalium:
1115 3776 1159 3841 ta,
1176 3763 1321 3839 Domine,
1339 3783 1490 3848 mappam
1502 3772 1629 3847 partem

491 3881 612 3961 alariae
634 3883 756 3949 inventi
779 3884 835 3947 tibi
857 3884 1031 3949 adscribere
1053 3884 1191 3966 poteris,
1213 3892 1272 3948 ant
1293 3901 1349 3964 epa
1375 3892 1457 3948 certe
1480 3880 1537 3945 tibi
1567 3880 1628 3944 ad·

492 4000 629 4069 scribam
650 3953 862 4078 meritissime,
881 4005 910 4067 si
934 4006 989 4069 nae
1008 4003 1069 4069 iter
1085 4022 1189 4068 meam
1211 4002 1297 4085 apnd
1317 4001 1552 4067 Ittnstrissimas
1567 3999 1629 4063 im-

488 4128 603 4199 petres.
638 4121 708 4204 Epa
725 4121 797 4201 jam
820 4122 928 4186 limavi
961 4122 1142 4187 Diatribam
1175 4139 1277 4187 meam
1310 4120 1346 4185 de
1379 4116 1627 4200 Lanpitadinnm

493 4242 648 4317 seientia,
680 4260 777 4323 qaam
810 4243 937 4308 omnino
966 4251 1115 4324 paratam
1143 4243 1237 4307 etiam
1271 4242 1328 4307 itae
1363 4241 1538 4323 septimana
1570 4235 1627 4302 tibi

493 4358 627 4424 mittam.

551 4564 586 4624 (t)
601 4561 727 4615 Edizioae
742 4564 768 4613 di
784 4564 898 4622 Pidasa,
916 4564 967 4614 los.
983 4565 1046 4623 cit,
1065 4578 1122 4625 pag.
1140 4568 1196 4613 sot.

974 4756 1153 4787 -Φ-
