4250 5900
873 736 891 757 .‚
955 716 1056 777 enno
1082 704 1166 771 teas
1555 712 1620 778 stc
1697 679 1700 684 ’

490 862 581 927 lezztt
605 858 650 924 mi
672 855 760 922 insse
782 852 977 919 concellum.
1001 853 1065 932 Qui
1089 853 1227 919 essendo
1249 860 1358 937 tempo
1381 854 1410 919 tl'
1423 873 1622 942 augutam

491 979 533 1044 v.
557 978 589 1044 S.
612 977 699 1041 molt'
711 974 843 1039 Illustre
858 972 950 1036 lelice
968 973 990 1035 il
1017 972 1179 1055 prossinto
1201 989 1284 1056 cepo
1306 973 1335 1037 d·
1349 991 1438 1041 anno
1452 993 1515 1041 con
1530 977 1621 1042 molti

496 1098 570 1163 altri
594 1112 764 1179 appresso,
785 1110 848 1157 con
871 1095 1041 1157 reverente
1065 1091 1177 1156 eiie'ttn
1192 1090 1228 1162 le
1252 1092 1346 1156 becio
1370 1094 1399 1157 le
1425 1096 1523 1167 tneni.

969 1338 1130 1368 -αν
1147 1352 1150 1355 -

786 1540 804 1582 Λ
830 1536 965 1584 lum}
990 1534 1165 1581 suculento
1188 1537 1207 1579 tt
1230 1533 1335 1581 ventui

776 1723 915 1800 Arcem,
938 1724 981 1791 30
1004 1723 1170 1790 Decembre
1196 1724 1282 1791 1639
1305 1721 1350 1809 (1)
1415 1757 1420 1767 ·

566 1912 588 1981 Ε
604 1933 698 1997 queste
715 1927 740 1979 le
756 1927 851 1977 lettere
867 1925 978 1990 ellepett
996 1926 1067 1980 nelle
1082 1927 1302 1991 precellentem
1318 1929 1334 1975 e
1355 1928 1443 1977 serilla
1459 1927 1484 1978 tl
1498 1927 1560 1980 Bul·

567 2003 648 2055 little
664 2005 691 2054 itt
706 2003 926 2067 munumentum
949 2015 964 2051 e
990 2001 1049 2052 lctle
1071 2002 1113 2053 del
1137 2014 1222 2053 necto
1247 2001 1313 2050 libro
1337 2003 1496 2068 mendetogll
1511 2018 1558 2068 per

570 2093 663 2133 m
677 2079 719 2131 bl
735 2079 847 2129 ulecatt.

590 2277 740 2345 Pervenit
764 2277 828 2342 ltuc
850 2295 892 2342 ex
914 2275 1037 2353 Gellia,
1071 2276 1128 2341 Vir
1161 2277 1358 2354 clarissime,
1391 2277 1558 2347 Philolaus
1587 2280 1629 2345 ad

497 2414 553 2465 me
588 2396 747 2472 directum
779 2395 838 2461 sed
871 2397 1082 2460 tenebratum
1117 2395 1343 2470 inclementis,
1378 2413 1521 2477 quatum
1555 2417 1631 2480 pet·

497 2519 597 2599 petus
634 2513 776 2598 caligine
808 2512 983 2589 offundet,
1016 2512 1230 2577 accedentem
1265 2528 1320 2587 ee,
1354 2529 1420 2593 que
1453 2514 1631 2595 optabam,

495 2633 604 2703 monte
638 2650 706 2702 unu
737 2631 886 2716 permisit
920 2631 1083 2714 amplecti.
1118 2632 1266 2699 Nitcrem
1300 2631 1392 2697 illius
1423 2639 1457 2696 et
1490 2633 1632 2715 gretiam

498 2769 653 2825 meorum
677 2750 854 2817 infelicitas
877 2751 1051 2815 oculorum
1076 2751 1183 2832 potius
1209 2750 1374 2832 suspirate
1408 2749 1499 2827 eluit,
1532 2767 1634 2831 quam

499 2886 658 2945 coenem
681 2870 805 2939 tentavi
830 2874 941 2935 lemen
964 2871 990 2934 ei
1015 2869 1151 2936 luminis
1174 2869 1320 2954 inopiam
1344 2868 1479 2935 auditus
1496 2885 1633 2952 pensate

499 2993 674 3078 potuisset,
697 2993 859 3074 alienique
874 2992 1009 3058 obtutus
1025 2991 1151 3057 auxilie
1169 2993 1356 3072 loquentem
1374 2988 1481 3054 stillis
1498 2988 1632 3054 attribue

497 3112 608 3180 hemi.
631 3111 761 3178 Placuit
777 3127 986 3193 summopere
1010 3109 1198 3185 methodus,
1220 3124 1286 3190 qttn
1304 3109 1339 3172 in
1358 3106 1510 3191 proptiae
1524 3106 1630 3172 utitur

499 3229 751 3300 cucumellum
787 3228 990 3303 sententiae,
1013 3227 1157 3292 aliarum
1180 3226 1305 3291 scilicet
1338 3242 1414 3290 cum
1437 3224 1633 3290 coelestlltus

501 3348 703 3432 eppereulile
724 3349 959 3433 repugnentittz
983 3347 1056 3423 sed,
1078 3351 1117 3413 ul
1139 3346 1304 3421 dixeram,
1323 3360 1390 3410 nnn
1413 3350 1463 3409 est
1480 3343 1569 3426 quntl
1592 3344 1633 3407 tle

500 3465 559 3534 tito
580 3464 649 3532 inti
671 3466 811 3548 possim,
835 3466 891 3547 qui
914 3465 1103 3547 conspicere
1121 3483 1189 3530 non
1207 3464 1310 3529 valeo.
1327 3462 1437 3530 Unum
1453 3461 1541 3545 quud
1553 3462 1635 3528 milti

500 3584 614 3661 (laur,
637 3585 787 3653 infinitus
810 3584 1031 3651 Dominnlioni
1057 3591 1133 3650 tutte
1157 3583 1281 3665 gnatius
1304 3600 1381 3665 ago,
1400 3590 1433 3649 el
1449 3584 1582 3650 nonoris
1601 3583 1634 3647 in

500 3718 555 3768 tttc
576 3701 704 3781 culltll,
724 3708 759 3768 el
780 3702 956 3785 gratissimi
975 3701 1028 3769 sui
1047 3700 1169 3765 entonis
1184 3699 1278 3776 (loni,
1293 3700 1381 3781 quod
1400 3700 1481 3765 milti
1496 3701 1637 3772 obtulit;

500 3821 611 3903 obque
632 3822 775 3888 vicissim
800 3821 1079 3906 promptissimam
1104 3818 1308 3903 rependenti
1331 3819 1403 3902 ejtts
1419 3820 1558 3901 imperit
1575 3836 1636 3881 vo-

503 3940 681 4019 luntalem,
704 3949 737 4008 sl
755 3942 979 4007 felicissimum
1004 3958 1120 4022 precor
1140 3939 1376 4014 valetudinem,
1393 3955 1494 4020 quem
1513 3938 1581 4020 ipse
1601 3936 1634 3998 in

502 4058 646 4126 mnemia
667 4061 793 4142 positus
815 4059 914 4123 anxie
936 4058 1076 4141 suspiro.

560 4301 600 4362 (1),
611 4298 721 4351 laedite.
742 4329 764 4338 -
784 4300 859 4355 MSS.
877 4300 949 4360 Gal..
967 4301 1025 4350 l’er.
1042 4300 1095 4358 vt.
1113 4302 1143 4351 T.
1162 4306 1188 4358 tt,
1211 4301 1237 4350 in
1255 4300 1337 4363 euple.

984 4596 1003 4602 .-
1015 4585 1146 4610 ‹⁶›-
