4250 5900
490 639 553 704 188
835 654 1008 710 LETTERE
1028 654 1066 710 [ll
1086 653 1253 710 GALlLEO

487 784 537 865 plo
563 781 610 867 (id
632 785 715 846 enim
738 783 777 845 ab
800 783 837 844 iis
861 784 939 845 alios
962 784 1146 863 [actitatum
1168 801 1231 846 esse
1258 783 1353 848 audio
1376 786 1412 848 in
1440 788 1623 866 urqentibus

487 899 619 974 seilicet,
644 900 748 982 qualis
773 903 848 965 loeo
870 911 927 974 est,
952 900 1192 987 occasionibus)
1216 921 1272 968 nee
1298 903 1391 969 dudio
1420 904 1537 986 proosd
1570 905 1625 970 ab·

490 1038 566 1101 sque
592 1020 882 1085 illustrissimorum
904 1017 1060 1084 Ordinum
1080 1017 1283 1086 Generalium
1305 1022 1555 1104 comprobatione
1573 1026 1626 1104 pe·

489 1148 559 1210 ret,
584 1157 683 1219 quum
712 1147 837 1202 vestrae
861 1148 928 1204 tum
946 1139 1145 1228 prouinciae,
1171 1147 1238 1205 tum
1263 1140 1351 1204 urbis
1375 1142 1409 1202 in
1431 1142 1527 1205 relus
1547 1157 1626 1221 quae

490 1257 532 1322 od
551 1275 713 1320 commune
730 1258 871 1321 omnium
883 1257 1118 1338 foederatarum
1137 1257 1252 1322 bonum
1265 1258 1437 1339 pertinent,
1451 1275 1488 1321 ea
1505 1258 1551 1320 sit
1567 1274 1626 1321 ou·

490 1377 633 1451 ctoritas,
648 1384 684 1438 ut
703 1373 829 1439 illorum
851 1378 1035 1448 sententiae,
1057 1384 1219 1458 tamquam
1237 1376 1474 1460 sapientissimis
1493 1375 1626 1439 decretis

496 1493 636 1575 reliquae
660 1512 765 1557 omnes
791 1493 988 1558 libentissime
1016 1495 1242 1576 aequiescunt,
1273 1494 1432 1576 multoque
1463 1494 1568 1574 maqis
1597 1511 1630 1556 re

493 1611 533 1674 oo
556 1613 594 1674 iis
614 1613 788 1692 prudenter
802 1615 965 1700 praeviso,
991 1621 1019 1674 et
1042 1612 1163 1674 utiliter
1182 1620 1313 1693 peraeta
1332 1612 1366 1674 in
1388 1611 1517 1692 neqooio
1537 1628 1631 1691 prae-

493 1732 616 1803 sertim,
639 1730 730 1812 quale
754 1733 810 1794 loe
833 1739 899 1803 est,
928 1733 1076 1804 nautieo,
1112 1750 1147 1795 eo
1180 1730 1265 1813 quod
1297 1731 1332 1794 ln
1366 1730 1450 1794 nisce
1483 1730 1631 1792 unanimi

492 1849 633 1912 omnium
656 1867 812 1913 consensu
830 1867 909 1930 proe
932 1849 1002 1914 allis
1022 1849 1196 1931 provinciis
1220 1847 1410 1915 Hellands'ae
1433 1846 1633 1922 Provinciae,

493 1968 652 2050 ipsiusque
676 1969 861 2033 nominatim
882 1968 1173 2033 Amstelodamensis
1199 1966 1353 2042 Ciuitatis,
1369 1967 1551 2049 potissimae
1569 1967 1634 2030 sint

494 2087 646 2160 rationes,
669 2088 776 2170 sieque
795 2088 885 2170 lonqo
907 2086 980 2163 illo,
1012 2106 1075 2169 quo
1104 2086 1273 2152 terrebaris
1302 2085 1441 2152 eirouitu
1473 2094 1633 2160 reserato,

495 2205 604 2270 obviae
626 2224 732 2270 omnes
755 2207 949 2290 difficultates
970 2225 992 2271 a
1016 2216 1044 2270 te
1067 2207 1311 2288 superabuntur.
1331 2205 1376 2270 Et
1396 2207 1424 2270 si
1438 2205 1496 2270 lsoe
1515 2205 1634 2270 sienn-

494 2323 516 2387 li
540 2332 673 2406 tempore
695 2326 728 2389 id
749 2345 769 2389 a
793 2335 822 2390 te
842 2328 1037 2408 perficiatur,
1060 2327 1159 2403 sotis,
1181 2336 1218 2391 ut
1249 2344 1354 2409 spero,
1389 2341 1548 2408 superque
1580 2324 1633 2406 s·

496 2451 582 2506 etum
605 2445 676 2506 erit.
701 2442 858 2509 Dominus
882 2448 965 2509 enim
993 2442 1132 2510 Galileus
1165 2461 1229 2509 sese
1258 2443 1416 2527 paulatim
1447 2443 1571 2527 repsit,
1603 2442 1636 2505 in

498 2562 624 2643 diesque
647 2563 729 2625 uires
753 2565 905 2638 resumit,
928 2566 1035 2628 anima
1058 2563 1126 2645 ejus
1143 2564 1260 2629 insisto
1277 2562 1401 2644 corpori
1417 2563 1560 2643 oiqorern
1576 2561 1636 2625 ssi·

498 2682 677 2756 nistrante,·
698 2685 745 2746 ita
767 2689 803 2745 ut
824 2682 948 2763 sperari
966 2683 1065 2762 possit
1085 2682 1170 2763 sore,
1193 2691 1229 2745 ut
1248 2681 1377 2746 ineunte
1402 2679 1554 2762 proroimo
1569 2697 1637 2745 sere

497 2800 547 2863 rei
568 2799 644 2864 bene
665 2800 820 2880 qerendoe
837 2801 1053 2882 opportunitas
1077 2800 1180 2864 adnuo
1204 2801 1329 2879 inteqra
1353 2799 1408 2864 tili
1434 2800 1478 2864 sit
1501 2799 1638 2882 [uiuat

501 2936 600 3000 qnare
620 2921 762 3000 qraoitee
783 2936 851 2983 rem
869 2936 1031 3001 promooe,
1053 2936 1162 3001 meque
1184 2917 1223 2984 de
1240 2936 1387 2986 successu
1402 2920 1570 2985 certiorem
1585 2918 1638 3001 [a-

498 3041 570 3103 eito.
596 3038 740 3105 Ceterum
762 3048 930 3123 optassem,
954 3050 989 3105 ut
1007 3040 1091 3125 quod
1112 3040 1367 3117 antecedentibus
1402 3041 1481 3105 meis
1502 3038 1561 3105 tili
1581 3040 1638 3103 in·

497 3158 616 3229 dioaoi,
640 3161 849 3242 sqmpatieum
871 3160 1000 3242 aliquod
1020 3160 1155 3242 officium
1177 3161 1294 3241 optimo
1317 3167 1426 3224 nostro
1456 3158 1545 3232 sesi,
1574 3173 1637 3240 pro

499 3276 676 3341 miserando
698 3278 766 3358 ejus
789 3294 882 3349 casu,
904 3278 972 3341 suis
995 3274 1081 3341 libris
1103 3276 1180 3342 odeo
1212 3275 1327 3342 diserte
1357 3275 1444 3339 soon
1478 3272 1635 3357 mosiis.

497 3394 700 3460 exhibuisses.
739 3395 832 3459 Iners
866 3395 949 3459 enim
985 3394 1021 3457 de
1057 3412 1093 3457 eo
1128 3392 1312 3468 silentium,
1345 3410 1457 3461 umes
1493 3388 1637 3457 mansu

497 3530 593 3592 quom
617 3529 693 3592 erqo
715 3512 804 3577 illum
825 3513 981 3596 profiteris
1000 3512 1180 3585 amicitior,
1198 3510 1389 3577 nullomodo
1406 3510 1640 3575 consensisse·

498 3631 636 3706 indicat,
658 3633 788 3713 eiusque
810 3631 977 3716 fiduciam,
1003 3632 1092 3694 toties
1108 3647 1129 3694 a
1144 3639 1173 3694 te
1196 3628 1242 3693 illi
1263 3630 1393 3704 datam,
1425 3627 1515 3694 laud
1548 3626 1640 3692 dolis

498 3759 641 3825 eneroot,
664 3723 832 3833 futurique
854 3751 951 3816 uestri
973 3750 1117 3832 colloquii
1136 3768 1195 3833 per
1228 3748 1351 3826 literas,
1385 3748 1485 3831 ipsius
1519 3745 1640 3829 nsqsois‘

496 3871 720 3952 patefactionis
743 3872 921 3953 repositum
940 3870 1098 3951 frustum,
1121 3887 1162 3934 en
1185 3886 1247 3951 qno
1269 3877 1375 3933 tamen
1388 3866 1501 3933 omnis
1530 3882 1594 3949 pes
1612 3873 1640 3930 u

494 3989 624 4069 posticae
645 3989 829 4072 perficiendi
851 3990 972 4070 neqoeii
993 4007 1061 4070 spes
1080 3988 1208 4070 pendet,
1230 3985 1300 4052 uide
1322 4005 1362 4052 ne
1389 3985 1528 4051 minuat.
1569 3983 1639 4049 Vsds

500 4107 595 4170 etiam
618 4127 657 4172 ne
681 4109 775 4171 nimis
798 4110 949 4175 haetenus
972 4107 1105 4171 dilatum
1122 4107 1210 4171 omni
1231 4123 1289 4181 ea,
1311 4122 1409 4188 quam
1440 4101 1640 4171 eonnenienii

497 4233 631 4308 tempore
653 4227 830 4291 enlioitum
849 4227 1074 4309 promovisset,
1097 4228 1202 4307 qratia
1226 4226 1340 4298 eadat:
1363 4232 1581 4308 quapropter,
1602 4228 1638 4285 ul

498 4344 642 4409 decenter
664 4346 769 4409 abste
792 4345 838 4408 illi
859 4345 999 4409 oblatum
1020 4354 1187 4426 qratonter
1209 4343 1249 4408 oo
1277 4362 1312 4407 eo
1346 4343 1551 4425 eaeipiatur,
1582 4357 1639 4405 ns·

496 4480 577 4527 nesse
601 4473 646 4526 est
670 4482 767 4544 quam
789 4464 929 4528 ocissime
952 4465 986 4527 id
1009 4464 1177 4530 maturari.
1202 4460 1382 4527 Gassendns
1410 4460 1549 4543 priuatis
1581 4475 1638 4523 ns·

495 4583 590 4661 qoeiis
615 4582 783 4663 impeditus
806 4584 1005 4657 meditatum,
1031 4583 1067 4647 de
1090 4602 1153 4664 quo
1175 4583 1216 4645 od
1239 4592 1267 4646 te
1318 4584 1490 4664 'simeram
1512 4581 1575 4645 iter
1589 4578 1635 4640 in·

492 4701 640 4777 termisit,
662 4705 802 4767 incertus
826 4724 884 4777 on,
908 4714 937 4768 et
962 4705 1114 4788 quondo,
1138 4702 1277 4768 noudum
1299 4701 1413 4783 quippe
1436 4717 1471 4763 re
1493 4706 1634 4781 peraeta,
