4250 5900
958 742 1060 803 Antio
1087 729 1173 798 1636
1564 737 1628 802 115

491 893 541 940 me
564 873 688 959 quarn
709 879 801 938 lania
823 880 890 937 erat
912 873 948 937 de
974 872 1014 938 1).
1039 871 1156 938 Galileo
1177 882 1323 956 consepta
1352 877 1478 957 opinio,
1502 887 1539 942 ut
1562 896 1626 944 non

493 994 585 1060 aliud
605 993 837 1069 eaistimarern‚
861 1011 958 1076 quam
980 1001 1066 1058 certa
1088 1010 1153 1058 esse
1184 994 1310 1069 arania,
1334 1003 1364 1058 et
1385 997 1568 1078 explorata,
1599 1007 1627 1062 et

494 1115 647 1178 narum
669 1129 794 1194 quoque
815 1111 953 1176 taeebarn
965 1131 976 1182 ‚·
990 1111 1045 1175 sed
1058 1110 1137 1193 quid
1149 1130 1206 1193 epo
1223 1112 1313 1193 potui
1326 1114 1536 1194 praescribere
1559 1114 1627 1181 Do·

495 1233 582 1296 neimo
602 1229 737 1309 llmlio,
759 1229 969 1307 Beamanno,
990 1227 1099 1304 Golia,
1124 1231 1180 1314 pai
1208 1249 1316 1296 amnes
1348 1232 1383 1296 de
1413 1250 1558 1298 sueressu
1580 1237 1627 1298 rei

496 1349 639 1413 dubitare
660 1346 876 1413 mdebanturl
902 1344 1011 1422 Quam
1024 1348 1275 1430 reprehenderem
1291 1348 1529 1426 aemorum,
1546 1354 1630 1435 pund

501 1464 668 1531 timeum
688 1464 809 1548 obp-eid
828 1464 995 1529 indicasset
1017 1465 1053 1528 de
1088 1462 1224 1529 Domino
1247 1461 1384 1537 Galileo,
1415 1467 1573 1548 respondit
1595 1487 1628 1533 se

494 1584 657 1662 ipnorasse
678 1583 865 1647 oblationem
893 1583 962 1664 ejus
985 1583 1091 1646 debere
1118 1598 1183 1646 esse
1210 1583 1373 1647 oeeultarn.
1397 1582 1628 1658 Praestitisset.

493 1700 665 1766 boninus
688 1696 844 1764 Galilesrm
865 1699 980 1782 pidueia
1001 1699 1194 1764 liberalitatis
1217 1697 1506 1763 illustrissimorum
1531 1698 1628 1764 Ordi-

494 1835 572 1881 num
593 1834 664 1882 una
684 1833 759 1880 aum
780 1816 879 1879 literis
900 1816 1052 1896 requisita
1075 1816 1184 1878 omnia
1205 1815 1248 1878 ad
1270 1814 1398 1880 Inventi
1422 1817 1475 1880 sui
1495 1819 1628 1898 pramm

495 1934 694 2008 exhibuisse,
716 1932 801 2016 quod
822 1948 879 2012 epo
900 1931 941 1995 ab
955 1930 1048 1994 initio
1062 1947 1182 2012 semper
1203 1931 1376 2012 urpebonts
1398 1932 1444 1994 sia
1468 1938 1537 1996 turn
1558 1941 1627 1996 sta-

497 2053 555 2114 tim
583 2058 718 2132 sequuta
751 2050 864 2132 {meret
895 2049 1135 2124 remuneratio,
1169 2058 1200 2112 et
1231 2048 1321 2131 {ama
1351 2048 1420 2129 eius
1449 2049 1495 2113 rei
1528 2048 1632 2113 diuul-

496 2177 593 2249 pata‚
617 2168 797 2232 salubrem
817 2169 935 2232 eruditi
958 2166 1155 2231 Inventionis
1172 2167 1309 2249 aliquem
1330 2176 1481 2249 puetum,
1505 2177 1537 2233 et
1557 2168 1630 2231 bine

498 2295 590 2352 tanto
611 2286 717 2368 maior
736 2287 778 2350 ael
796 2288 901 2368 ipsam
918 2287 1061 2351 resilisset
1085 2286 1164 2349 laus.
1189 2286 1285 2368 Apud
1309 2305 1365 2351 noe
1388 2288 1573 2364 munisset,
1596 2296 1634 2352 ut

495 2406 679 2488 quousque
696 2414 757 2469 aut
775 2405 996 2486 priuilepium,
1019 2412 1079 2468 aret
1099 2405 1276 2485 praemium
1302 2422 1363 2486 pro
1385 2405 1493 2487 aliqua
1515 2406 1632 2469 inorn-
1671 2405 1676 2414 '

493 2525 575 2588 tione
592 2524 692 2604 petit,
714 2539 823 2589 aarum
838 2518 1065 2587 lllsrstriesimie
1087 2520 1261 2586 Ordinibus
1275 2522 1344 2602 ep'ue
1359 2523 1523 2586 ueritatem
1534 2525 1627 2604 prius

494 2641 758 2724 comprobandae»
779 2642 912 2717 babeat,
943 2659 981 2704 ae
1006 2650 1074 2706 tune
1095 2642 1191 2706 ebnul
1215 2659 1290 2705 oum
1319 2642 1543 2717 immunitate,
1570 2651 1637 2711 aul

491 2759 633 2840 praermo
659 2757 827 2821 inermum
858 2756 1003 2820 omnibus
1031 2756 1206 2821 innotescit.
1242 2754 1283 2818 ld
1312 2771 1411 2837 quum
1443 2771 1465 2817 a
1493 2753 1630 2819 bomine

494 2872 611 2939 Galileo
644 2870 825 2959 (qenepuid
854 2891 911 2955 epo
932 2881 1045 2936 eontra
1076 2868 1318 2954 contenderim)
1355 2887 1421 2935 non
1450 2870 1492 2933 eit
1525 2868 1632 2933 obser-

496 3004 620 3070 oaturn,
641 2994 698 3058 sed
718 2994 834 3058 nuntio
858 2992 986 3057 Inventi
1009 3000 1136 3058 tanturn
1157 2992 1243 3073 [aeta
1263 3000 1339 3055 aute
1361 2992 1503 3055 subibita
1523 2990 1634 3072 requi-

495 3113 580 3189 sita,
602 3114 668 3195 ipse
689 3113 769 3177 satie
791 3112 896 3185 rides,
920 3112 966 3176 mi
987 3110 1144 3182 Deodate,
1169 3127 1325 3174 areanum
1347 3111 1404 3173 boe
1426 3110 1513 3174 nullo
1545 3110 1636 3174 moda

496 3234 638 3313 potuisse
660 3232 795 3296 reticeri.
819 3228 856 3293 Si
877 3230 918 3293 ab
940 3229 1030 3293 initio
1052 3230 1144 3300 milei.
1164 3236 1224 3292 aut
1246 3229 1306 3291 uni
1328 3225 1437 3292 Realio
1458 3228 1636 3309 respuisset

498 3350 668 3414 eomrnissa
688 3368 760 3414 aum
781 3349 891 3432 aliqua
913 3348 1070 3411 memiana
1094 3347 1336 3421 taciturnitatis,
1357 3344 1637 3427 adjuramentum

502 3468 700 3549 interponere
719 3485 818 3532 ausus
841 3467 973 3548 suisems
994 3465 1113 3529 nemini
1135 3462 1316 3529 mortalium
1347 3471 1422 3528 ante
1444 3472 1563 3547 tempus
1597 3464 1638 3528 ab

503 3586 574 3666 ipso
595 3583 730 3651 limnino
753 3582 873 3650 Galileo
894 3594 1053 3649 statutum
1070 3583 1209 3665 potuisse
1231 3583 1401 3665 quiequam
1435 3584 1636 3648 innotescere.

501 3701 598 3767 Nsrne
618 3712 740 3777 utere,
765 3722 838 3770 eum
860 3704 946 3797 istud
969 3702 1142 3783 repleatum
1163 3701 1220 3776 eit,
1243 3700 1300 3765 diu
1320 3709 1493 3784 antequam
1511 3702 1547 3765 de
1565 3701 1638 3767 dio·

498 3824 576 3887 rino
599 3831 656 3888 aul
677 3824 803 3896 eairrrn,
831 3830 890 3886 aut
924 3823 1093 3903 auditorem
1122 3837 1181 3902 per
1213 3819 1291 3885 Nob.
1325 3818 1426 3885 llealr'i
1457 3820 1638 3884 relationem

499 3941 647 4005 omnibus
667 3959 749 4024 pene
772 3940 906 4022 Hapae,
929 3959 966 4004 aa
989 3938 1101 4005 bidae
1123 3940 1272 4005 innotuit.
1298 3937 1384 4003 Adeo
1404 3938 1575 4002 uoluntatis
1591 3936 1638 3999 ll·

499 4060 765 4124 bestrissimorum
789 4057 971 4134 Ominum,
994 4067 1051 4123 aut
1075 4059 1145 4123 sesti
1166 4056 1317 4123 sacroru
1341 4054 1429 4119 nulla
1452 4052 1552 4138 (quod
1566 4072 1639 4118 aar·

500 4179 565 4263 pis)
588 4176 690 4259 [urit
711 4178 821 4243 babila
841 4179 934 4242 ratio.
957 4176 1031 4243 lion
1053 4178 1231 4257 oontipieset
1254 4175 1332 4239 illud
1353 4174 1382 4237 si
1406 4173 1496 4254 prius
1527 4171 1640 4236 Domi-

503 4313 568 4359 nres
609 4292 754 4360 Galileue
794 4297 907 4360 arcani
944 4297 995 4360 eui
1028 4297 1150 4360 nudam
1182 4294 1303 4377 [eaissrt
1336 4290 1423 4377 apud
1459 4290 1644 4355 Illustrisei·

500 4430 569 4477 mos
605 4412 758 4478 Dominae
793 4416 996 4486 mentionem,
1026 4422 1056 4477 et
1090 4430 1239 4494 responso
1272 4418 1395 4491 arrepto
1430 4417 1529 4474 totum
1564 4410 1641 4473 illud

504 4533 742 4596 transmisisset.
776 4531 872 4597 Nune
896 4550 969 4596 sum
1001 4534 1158 4595 rationem
1192 4528 1320 4594 lnoerstr'
1354 4528 1539 4609 patentibus
1572 4528 1641 4593 lite-

503 4651 548 4712 ris
583 4652 626 4715 ad
659 4652 701 4715 D.
735 4652 885 4718 Realium
906 4651 1024 4714 miserit
1055 4650 1123 4713 sine
1159 4649 1304 4728 petitione
1338 4647 1468 4723 silentii,
1502 4648 1644 4711 omnium

505 4769 687 4836 curiositate
710 4774 865 4843 excitata,
889 4770 1016 4837 minime
1034 4768 1140 4850 potuit
1157 4767 1270 4839 lateres
1292 4774 1321 4831 et
1336 4766 1414 4830 nemi
1427 4784 1551 4849 puopue
1569 4765 1644 4855 netl-
