4250 5900
492 764 555 829 186
844 767 1017 825 calam
1035 768 1074 824 Dl
1094 765 1261 825 GALlLEO

483 916 686 992 praereptum
708 905 751 967 iri
775 904 952 968 nuliatenus
976 911 1021 966 eat
1045 899 1272 966 dubitandum:
1289 901 1447 984 hujusque
1466 903 1563 965 etiam
1578 911 1622 966 est

487 1027 658 1094 sententiae
669 1021 908 1087 Diustrissimus
921 1020 1078 1086 Dominus
1093 1017 1232 1086 Grotius.
1250 1019 1336 1086 Vaie:
1351 1028 1380 1084 ot
1395 1017 1474 1086 Noa.
1488 1019 1531 1083 D.
1539 1019 1625 1084 Rea-

489 1150 529 1213 iio
552 1144 569 1230 (
577 1145 629 1210 oui
645 1151 717 1225 post
738 1159 822 1204 meaa
846 1140 889 1204 aa
909 1140 1008 1216 iiium,
1030 1148 1105 1203 ante
1129 1147 1190 1203 tres
1213 1140 1402 1221 septimanas
1424 1139 1466 1204 aa
1488 1148 1516 1202 te
1546 1139 1627 1201 mis-

489 1285 550 1340 sas,
574 1265 608 1326 in
629 1260 792 1344 prasentia
815 1259 860 1321 nii
882 1259 957 1322 mini
979 1257 1178 1323 scribentium
1200 1256 1358 1343 superest)
1381 1258 1512 1326 sautem
1533 1275 1555 1320 a
1579 1274 1628 1320 nse

488 1385 666 1467 plurimam.

969 1555 1146 1586 ...ψ-

626 1789 764 1837 ΙΔΠΙΝΟ
788 1786 939 1834 DRTENSIO
962 1789 981 1832 Α
1005 1787 1200 1835 (ΞΟΒΊἎΝΤΙΝΟ
1225 1787 1342 1836 natanto
1360 1773 1491 1838 ALL’MA

747 1991 961 2068 Amsterdam,
986 1991 1027 2055 10
1053 1988 1180 2056 Ottoire
1213 1990 1298 2058 1637
1322 1988 1368 2077 (t)

560 2230 601 2281 Gli
618 2232 689 2293 perta
705 2230 748 2280 dci
764 2231 873 2292 disoguo
888 2229 914 2279 ‹li
929 2228 1056 2279 Gaescadi
1075 2228 1101 2278 di
1117 2227 1242 2278 concioni
1258 2228 1284 2276 in
1304 2227 1379 2278 ltalia
1399 2241 1447 2292 por
1470 2243 1556 2280 cono·

559 2316 633 2354 acccc
649 2303 674 2352 di
690 2318 802 2368 persona
817 2303 928 2355 Galiico.
949 2304 1083 2353 Vorrcbbc
1098 2302 1152 2368 agli
1177 2303 1234 2352 iero
1258 2303 1427 2360 citrottcnto,
1453 2315 1469 2352 e
1493 2319 1557 2368 sup·

561 2377 629 2440 plica
646 2376 790 2442 l'Dgcnio,
806 2381 857 2429 cho
873 2391 928 2436 cra,
945 2391 1022 2429 como
1041 2378 1142 2432 oltrovc
1169 2377 1271 2429 abbiam
1296 2377 1384 2437 detto,
1405 2377 1559 2430 secretario

561 2455 603 2504 dot
619 2454 741 2519 Principe
758 2455 923 2519 d'Onngos,
940 2457 972 2506 cd
987 2456 1101 2506 nictatio
1116 2456 1142 2505 in
1160 2458 1254 2519 questo
1271 2454 1474 2505 intendimcnto.

580 2676 776 2760 amplissime
799 2676 945 2741 Domine.
968 2675 1083 2758 Accepi
1107 2675 1211 2742 literas
1235 2676 1368 2742 Parisiis
1391 2679 1539 2759 scriptas,
1558 2678 1630 2761 pui-

492 2800 548 2863 bus
571 2798 684 2863 certior
704 2797 744 2879 fio
766 2794 832 2860 Dn.
858 2791 1055 2860 Gassendum
1087 2794 1218 2860 Italiam
1236 2805 1344 2878 petere
1364 2796 1458 2870 oeae,
1483 2804 1521 2861 ut
1543 2796 1630 2861 inci·

490 2924 540 2980 sat
564 2912 728 2980 Gaiiieum.
750 2913 807 2980 iiie
833 2910 893 3000 (ut
905 2915 999 2997 probe
1017 2914 1102 2980 nosti
1110 2912 1127 2999 )
1145 2910 1326 2980 Gassendus
1347 2913 1477 2980 clariss.
1493 2922 1540 2980 est
1555 2912 1628 2979 Mo·

490 3035 684 3110 thematicus,
706 3043 735 3097 et
758 3034 835 3099 mini
856 3034 998 3107 intimus,
1016 3035 1052 3096 in
1070 3032 1242 3098 Provincia
1263 3032 1484 3098 Romanorum
1506 3029 1630 3102 acan

490 3154 631 3227 habitat,
656 3162 761 3236 estque
781 3153 817 3215 in
840 3152 983 3217 omnibus
1011 3151 1124 3216 stadiis
1147 3150 1447 3223 exercitatissimus,
1483 3157 1516 3216 'et
1539 3152 1627 3234 sacta

490 3270 716 3343 celeberrimus,
738 3269 882 3351 piurimis
904 3269 944 3333 ab
968 3269 1041 3333 ninc
1065 3269 1162 3333 annis
1180 3287 1240 3352 per
1269 3269 1501 3334 obseruationes
1524 3275 1626 3336 asaa-

491 3387 629 3452 nomicos
649 3387 842 3469 praec'iarus,
865 3394 896 3450 et
912 3385 1033 3467 judicio
1051 3386 1171 3467 poliens
1189 3387 1313 3469 optimo.
1336 3383 1443 3462 anon
1455 3386 1629 3470 opacius·

490 3506 647 3569 miniatii
670 3522 743 3568 cum
765 3505 833 3585 ipso
858 3499 974 3568 Gaiiim
997 3505 1166 3569 convenire
1194 3522 1289 3587 super
1311 3506 1407 3570 rebus,
1437 3513 1504 3570 taen
1527 3522 1629 3588 pron-

490 3626 582 3690 diius
605 3632 634 3688 et
655 3623 849 3687 utiiissimist
872 3622 1037 3697 Promooe,
1060 3641 1192 3706 quaeso,
1214 3624 1258 3688 mi
1281 3622 1431 3699 Domine,
1453 3625 1543 3689 nunc
1572 3624 1628 3688 no·

491 3761 598 3810 norem
619 3742 743 3807 saecuto
763 3750 886 3818 nostro,
902 3742 965 3807 imo
988 3751 1061 3816 tuo,
1087 3745 1144 3825 qui
1165 3745 1249 3807 inter
1278 3743 1475 3809 Mecoenates
1504 3741 1627 3809 nuac-

491 3881 565 3927 rum
587 3868 615 3925 et
639 3859 836 3927 Promotores
858 3860 994 3925 coelestis
1018 3862 1114 3942 nujus
1138 3863 1287 3927 scientiae
1308 3862 1417 3927 oudin
1444 3862 1533 3928 inter
1559 3860 1630 3945 pri*

491 3988 601 4058 enatn,
619 3980 744 4062 primus
766 3979 806 4043 ai
829 3977 1009 4043 Inventore.
1039 3979 1117 4044 Vale.

551 4235 586 4297 (t)
603 4234 730 4284 Edizionc
747 4233 774 4283 di
788 4232 904 4294 Pedona,
922 4233 953 4282 Τ.
971 4233 1005 4291 ΙΙ,
1025 4247 1049 4295 p.
1069 4235 1126 4281 50&

971 4550 1151 4582 -Φι-
