4250 5900
953 786 1056 845 ANNO
1081 774 1167 840 1637
1565 779 1631 846 185

485 921 786 1008 pn)proinstituti
796 921 918 1000 nepocii
931 922 1056 996 merito,
1072 928 1222 985 accurato
1239 938 1328 1002 opere
1345 931 1506 1001 extructa,
1522 929 1634 990 erecti-

491 1058 569 1124 sque
587 1039 630 1105 ad
650 1039 703 1103 ella
720 1037 887 1122 probanda
909 1056 950 1103 ec
971 1039 1039 1120 ejus
1059 1040 1255 1122 praescripto
1276 1041 1436 1123 requisitis
1468 1044 1635 1118 machinis,

491 1167 608 1225 attente
627 1177 649 1224 a
669 1161 756 1224 coms
775 1159 1009 1241 perpendenda,
1034 1169 1064 1222 et
1082 1160 1278 1223 adamussim
1299 1161 1494 1242 exploranda
1516 1164 1638 1244 forent:

491 1279 571 1343 etsi
592 1276 669 1361 arsid
685 1278 723 1340 iu
742 1277 780 1340 iis
808 1276 943 1359 deficiat,
967 1274 1123 1339 industrie
1145 1275 1297 1359 suppleri,
1317 1275 1525 1362 pollicitisque
1539 1297 1636 1362 prae-

491 1395 565 1459 miis
575 1394 751 1475 insipnium
761 1394 920 1475 artificum
931 1394 973 1455 ad
990 1393 1120 1474 idapem
1135 1393 1293 1470 aduocati,
1309 1394 1448 1476 ninilque
1459 1406 1638 1478 praeterea,

491 1513 758 1595 quadadnepocii
764 1514 993 1594 promotionem
1005 1522 1033 1577 et
1054 1513 1273 1593 perfectionem
1293 1516 1464 1578 conducere
1483 1519 1593 1597 possit,
1616 1536 1637 1581 a

488 1630 574 1695 cotis
593 1633 815 1712 praetereunti,
827 1633 864 1694 oo
876 1633 955 1695 duas
969 1635 1168 1714 potissimum
1191 1635 1338 1710 rationes,
1351 1633 1523 1698 elitandum
1538 1637 1637 1716 soron·

493 1750 577 1834 quod
597 1750 740 1815 uidelicet
762 1750 984 1832 Lonpitudinis
1007 1752 1244 1832 inoestipandue
1267 1752 1379 1817 modus
1402 1753 1450 1818 nic
1469 1771 1528 1833 per
1554 1751 1638 1816 Stel-

499 1867 545 1932 las
570 1867 723 1934 Mediceas
747 1871 788 1933 ab
811 1889 846 1933 co
868 1880 1018 1951 repertus,
1043 1871 1168 1933 indubio
1191 1873 1231 1934 sit
1253 1889 1345 1935 verus
1370 1880 1398 1933 et
1426 1881 1548 1944 certus:
1572 1880 1640 1934 tum

498 1984 596 2048 etiam
616 1987 700 2067 quod
722 1988 803 2051 citra
826 2006 949 2054 omnem
971 1989 1186 2071 excoctionem
1207 1993 1235 2053 is
1258 1992 1300 2053 sit
1326 1992 1363 2052 in
1385 2008 1494 2053 rerum
1519 1998 1639 2053 natecra

498 2104 636 2178 unicus,
661 2123 699 2168 ac
722 2107 914 2186 siticulosis:
936 2110 1080 2190 quodque
1111 2110 1235 2189 trustra
1268 2110 1300 2171 in
1323 2117 1482 2189 posterum
1506 2108 1546 2172 ad
1569 2126 1638 2172 eam

501 2240 570 2288 rem
593 2224 830 2288 abdominibus
853 2226 981 2289 aliunde
1004 2226 1167 2291 auxilium
1189 2230 1230 2290 sit
1252 2226 1489 2310 expectandum.
1519 2225 1640 2301 Quidni

502 2343 604 2424 ipitcu
624 2342 733 2428 fidenti
752 2345 861 2408 animo
884 2345 951 2409 eius
968 2347 1096 2410 ultimae
1117 2348 1302 2428 perfectioni
1318 2365 1405 2410 nunc
1422 2346 1637 2419 adnitendum,

501 2469 534 2525 et
557 2464 649 2534 tanti,
673 2471 893 2546 tantopereque
916 2466 1059 2546 exoptati
1084 2465 1158 2529 loni
1179 2466 1289 2546 fruitio
1299 2466 1434 2547 posteris
1453 2472 1499 2528 est
1515 2482 1536 2528 o
1554 2466 1640 2527 cobis

500 2580 749 2655 antevertenda5
766 2600 838 2644 cnm
861 2583 897 2645 de
921 2582 987 2663 rjus
1008 2591 1194 2662 praesertim
1217 2602 1371 2658 successu,
1389 2592 1513 2647 tantum
1537 2585 1640 2657 abest,

501 2705 541 2762 st
561 2699 649 2761 eolis
670 2700 713 2762 sit
735 2700 972 2781 desperandum
997 2701 1078 2782 quin
1092 2701 1198 2782 potius
1222 2700 1258 2764 de
1281 2718 1397 2783 sospes
1414 2707 1498 2763 certa
1520 2700 1640 2763 acolis

497 2813 540 2879 ὰ
561 2817 796 2899 concipienda?
819 2815 932 2881 Nullus
955 2819 1038 2881 enim
1060 2819 1196 2882 nominis
1219 2819 1346 2899 incenia
1368 2820 1403 2880 in
1417 2817 1509 2881 rebus
1526 2816 1641 2880 leuma-

501 2932 554 2998 εὴ
573 2937 785 3017 quantumvis
809 2937 919 3001 arduis
942 2939 1052 3002 irritus
1077 2938 1227 3002 hactenus
1250 2936 1312 3018 tuit
1338 2938 1443 3011 labor,
1475 2933 1641 3001 dummodo

499 3052 683 3137 mutus
699 3064 729 3119 et
743 3057 1053 3139 assiduus3idipsum
1069 3058 1218 3120 evincunt
1235 3072 1341 3119 omncs
1359 3064 1453 3129 artes,
1481 3064 1511 3119 et
1537 3057 1641 3119 scien·

503 3172 576 3249 ὼε,
600 3166 684 3255 quae
705 3174 741 3236 in
762 3176 866 3256 prima
888 3193 999 3239 sortem
1021 3174 1160 3238 ruditate
1178 3173 1350 3254 productae
1369 3174 1535 3257 pleraeque
1557 3174 1642 3238 uelut

501 3289 704 3373 impossibiles
720 3292 895 3372 iudicatae,
917 3301 1023 3373 posteo
1047 3300 1150 3354 tamen
1175 3291 1229 3353 utri
1247 3290 1418 3372 perpolitae
1433 3290 1530 3372 suere,
1548 3289 1642 3354 intei-

502 3408 585 3473 lrctu
599 3412 746 3492 cuiusuis
767 3413 894 3494 faciles,
919 3419 946 3474 et
958 3411 1139 3493 promiscuo
1155 3411 1231 3473 usui
1246 3390 1493 3473 accommodatae
1515 3408 1642 3503 tandem

501 3537 679 3593 morunt.
708 3528 801 3604 Quod
823 3538 851 3591 et
875 3531 908 3592 in
933 3532 988 3593 ltoc
1012 3527 1148 3592 Invento
1171 3536 1358 3595 euenturum
1381 3544 1454 3601 esse,
1476 3537 1557 3592 certo
1573 3546 1642 3591 cer-

506 3645 571 3709 tius
588 3646 776 3727 sperandum
797 3655 853 3710 est.
878 3645 952 3711 Non
974 3647 1057 3710 enim
1074 3654 1240 3728 postquam
1263 3647 1452 3722 innotuerit,
1477 3645 1642 3709 cessabunt

504 3764 657 3838 nomines,
680 3766 777 3830 donec
800 3766 868 3846 ejus
892 3783 986 3830 usum
1009 3766 1068 3829 sibi
1091 3765 1279 3847 familiarem
1303 3766 1516 3829 reddiderint:
1539 3765 1641 3843 mojo-

501 3883 550 3945 ris
572 3900 709 3966 narisque
730 3883 765 3947 id
786 3893 832 3947 est
850 3886 999 3948 momenti
1009 3901 1070 3966 pro
1085 3884 1246 3947 communi
1259 3883 1422 3947 nominum
1441 3883 1528 3951 bono,
1548 3896 1644 3962 quam

501 4008 538 4065 ut
559 4003 617 4066 udi
638 4004 732 4067 semel
753 4005 915 4075 detectum,
941 4013 970 4067 et
995 4012 1185 4085 compertum
1207 4001 1316 4082 suerit,
1337 4008 1443 4081 postea
1469 3998 1563 4079 quasi
1584 4014 1643 4059 ne-

501 4120 637 4201 clectum
659 4124 818 4204 perpetuis
842 4141 955 4186 rursus
982 4124 1112 4186 tenebris
1136 4123 1176 4186 ab
1199 4120 1259 4184 illis
1282 4115 1556 4181 indiscriminatim
1586 4114 1644 4178 ad-

502 4238 621 4305 dietum
644 4242 706 4316 iri,
719 4246 842 4324 spercri
854 4245 962 4323 possit.
977 4242 1188 4306 Praelationis
1204 4247 1311 4302 autem
1329 4238 1486 4309 nonomm
1505 4242 1533 4297 et
1548 4253 1645 4316 prae-

505 4359 693 4439 emortuom,
717 4378 782 4441 qua
805 4360 1055 4441 nuncpotimini,
1068 4377 1163 4438 penes
1177 4375 1230 4420 cos
1244 4366 1297 4428 est,
1311 4358 1534 4426 remotorum,
1556 4359 1584 4413 et
1604 4352 1645 4412 cd

504 4477 725 4559 perfectionem
751 4478 894 4553 redacta,
918 4497 991 4542 cum
1014 4486 1144 4541 aeterna
1160 4472 1453 4539 illustrissimorum
1487 4467 1645 4533 Ordinum

508 4592 664 4677 (quarum
676 4600 826 4679 auspiciis
839 4617 888 4662 res
899 4616 955 4680 per
967 4615 1020 4661 cos
1034 4614 1121 4658 nunc
1133 4596 1241 4675 coitur
1249 4592 1265 4677 )
1290 4591 1410 4672 pio-ria,
1430 4598 1458 4651 et
1477 4589 1647 4653 immortali

506 4717 643 4781 narninis
666 4719 765 4782 vestri
787 4720 876 4799 sama
899 4716 1020 4781 saltam
1045 4722 1158 4777 tectam
1181 4728 1387 4781 cotcscrcare,·
1411 4727 1506 4789 quam
1534 4710 1562 4772 si
1590 4727 1645 4770 ne-

507 4832 661 4911 pleaeritis
688 4834 747 4919 (ecc
771 4836 817 4899 rei
835 4837 933 4916 ipsius
954 4842 1074 4898 nutura
1084 4830 1099 4917 )
1124 4829 1298 4895 necessario
1320 4827 1407 4891 caleis
1430 4827 1465 4889 in
1483 4834 1645 4906 posterum

592 4952 718 5009 (lectuna
736 4952 854 5009 Geticos
873 4982 907 4994 -
926 4954 957 5008 Τ.
980 4951 1042 5007 Vll.
1489 4941 1524 4996 dl
