4250 5900
955 694 1057 752 ΑΝΝΟ
1085 680 1172 747 ibat
1583 691 1624 757 53

500 828 600 894 nandi
624 826 844 903 occasionem,
867 842 968 907 quam
992 824 1082 892 nuiio
1106 842 1178 890 meo
1201 823 1310 891 officio
1332 836 1530 910 provocatus
1554 839 1623 901 tam

497 951 649 1013 amanter
670 946 759 1011 uitro
784 945 967 1026 arripuisti,
996 944 1151 1027 percupio
1177 960 1257 1010 sane
1280 944 1390 1027 aitqua
1413 949 1625 1031 gratitudinis

496 1065 736 1148 significatione
759 1061 978 1135 remunerari;
1001 1061 1057 1127 sed
1077 1066 1113 1126 ut
1127 1079 1216 1128 nunc
1239 1067 1387 1145 tempora
1409 1065 1625 1151 fortunaeque

497 1200 589 1248 meae
612 1187 705 1257 sunt,
737 1198 803 1245 non
832 1195 966 1262 possum
996 1179 1054 1244 tibi
1079 1179 1142 1242 nisi
1170 1179 1255 1244 benc
1278 1180 1383 1263 ipsam
1406 1183 1623 1264 cupiditatem

496 1296 665 1370 exhibere,
686 1300 719 1360 et
742 1294 789 1358 sic
815 1312 833 1358 e
862 1293 1042 1377 longinquo
1072 1298 1164 1358 tuam
1194 1293 1286 1360 iiiam
1313 1295 1392 1360 mibi
1416 1299 1623 1367 carissimam

495 1431 644 1487 manum,
670 1431 735 1494 qua
759 1412 879 1477 nostris
904 1410 1057 1477 laudibus
1083 1411 1260 1489 aiiaborss,
1288 1430 1330 1477 ex
1357 1415 1469 1479 animo
1491 1416 1623 1484 dissua-

492 1533 587 1597 viari.
610 1532 764 1599 Ceterum
793 1529 942 1612 delerare
968 1546 1119 1611 possum,
1146 1534 1219 1611 post
1246 1535 1293 1595 tot
1316 1532 1428 1597 turbas
1450 1540 1483 1597 et
1504 1553 1623 1620 corpo-

492 1653 537 1716 ris
560 1650 728 1732 animique
752 1650 958 1720 vexetiones‚
977 1652 1061 1729 quas
1077 1648 1369 1731 mibipepererunt
1386 1651 1529 1732 primum
1551 1659 1624 1721 stu·

491 1769 548 1833 die
561 1770 644 1851 ipsa,
660 1756 748 1850 quae
762 1767 891 1833 radices
908 1767 1028 1831 artium
1050 1783 1183 1832 amarae
1198 1773 1291 1843 sunt,
1306 1768 1422 1833 deinde
1438 1767 1623 1838 studiorum

491 1887 620 1952 imctus
633 1887 691 1968 qui
706 1888 814 1953 uiuite
837 1886 917 1967 ipsis
939 1884 1107 1950 radicibus
1125 1885 1305 1950 amariores
1321 1865 1472 1963 inerunt,
1483 1887 1550 1952 bo'c
1565 1893 1623 1964 tuo

493 2019 573 2086 erga
595 2021 648 2067 me
666 2005 775 2069 studio
793 2002 925 2069 notium
941 2001 1022 2066 mibi
1038 2003 1147 2086 majus
1163 2002 1317 2068 solatium
1335 2001 1529 2084 contigisse:
1545 2003 1624 2069 iite-

494 2121 564 2184 nim
587 2117 653 2206 (ne
673 2121 719 2186 sis
742 2121 898 2208 nescius)
921 2120 1004 2185 iiber
1025 2118 1095 2196 bic,
1118 2136 1216 2201 quem
1238 2120 1321 2184 tanti
1345 2125 1442 2202 putas
1456 2128 1505 2185 ‘ut
1525 2136 1625 2186 exor-

496 2255 575 2314 nes,
596 2239 656 2302 rix
676 2239 785 2304 111111
815 2239 922 2305 iucem
952 2238 1120 2321 adspexit,
1147 2254 1225 2305 curn
1257 2237 1336 2303 mibi
1368 2238 1478 2303 subito
1501 2238 1624 2304 obortis

499 2354 643 2419 invidiae
666 2356 807 2420 tenebris
828 2355 922 2421 triste
941 2355 1106 2421 tubormit
1128 2358 1272 2432 coelum,
1295 2361 1329 2421 et
1349 2356 1436 2421 sensi
1459 2357 1548 2420 cirea
1571 2371 1625 2421 me

498 2472 682 2556 fragoribus
706 2475 818 2539 omnia
841 2475 948 2557 quati;
972 2493 1032 2540 nec
1054 2474 1162 2538 solum
1186 2472 1251 2537 teia
1275 2490 1378 2538 manu
1402 2474 1490 2538 iacta
1514 2474 1547 2537 in
1571 2490 1624 2539 me

494 2595 644 2655 contorta
667 2598 760 2668 sunt,
779 2591 837 2657 sed
854 2591 988 2658 coelesti
1007 2591 1106 2656 etiam
1122 2588 1259 2656 fulmine
1276 2586 1406 2655 afflatus
1430 2597 1527 2672 atque
1549 2607 1624 2654 am·
1688 2614 1690 2619 ·

494 2710 610 2775 bustus
635 2711 782 2776 nondum
812 2712 910 2794 plane
939 2710 1051 2776 sordes
1080 2717 1114 2774 et
1142 2708 1277 2774 vincula
1301 2708 1407 2784 evasi,
1435 2693 1497 2773 sed¹
1513 2708 1622 2773 adbuc

492 2834 644 2893 catenam
661 2829 773 2903 trabo,
789 2830 824 2892 in
844 2828 913 2894 mei
930 2829 1054 2912 praedii
1079 2828 1259 2894 suburbani
1277 2826 1542 2910 circumscriptas
1561 2843 1622 2889 11-

492 2945 616 3029 gustias
641 2946 814 3025 relegatus.
837 2946 911 3015 Non
930 2952 1041 3012 tamen
1060 2945 1112 3010 bis
1129 2943 1290 3029 angustiis
1308 2943 1439 3011 eliditur
1461 2948 1520 3010 aut
1541 2961 1622 3008 eon·

492 3063 634 3128 trabitur
663 3065 817 3139 animus,
847 3081 914 3146 quo
943 3063 1062 3129 liberas
1092 3063 1230 3144 viroque
1261 3062 1377 3146 dignas
1408 3062 1621 3146 cogitationes

491 3197 619 3265 semper
642 3182 748 3263 agito;
770 3187 803 3246 et
822 3182 909 3247 ruris
927 3188 1103 3266 angustam
1120 3181 1206 3245 bane
1221 3179 1446 3256 sotitudinem,
1465 3197 1531 3262 qua
1553 3181 1621 3245 cir·

490 3298 701 3375 cumciudor,
724 3305 895 3381 tamquam
924 3299 1005 3365 mibi
1033 3298 1256 3383 profuturam,
1279 3315 1384 3380 aequo
1405 3298 1519 3363 animo
1540 3298 1619 3363 tero.

492 3416 576 3482 Cum
594 3416 683 3480 enim
703 3432 795 3482 meae
808 3416 879 3498 iam
897 3416 1044 3482 devexae
1060 3417 1161 3482 aetati
1176 3418 1266 3481 mors
1282 3416 1534 3501 appropinquet,
1552 3416 1621 3481 tor·

473 3526 558 3599 'tius
580 3536 623 3598 ad
645 3537 737 3600 iiiam
761 3552 945 3611 accessero,
969 3537 996 3602 si
1016 3554 1068 3601 me
1086 3536 1245 3619 pauiatim
1270 3536 1471 3601 insueiecero
1494 3554 1514 3599 a
1536 3552 1620 3618 pau-

492 3652 540 3715 cis
556 3654 626 3736 agri
638 3653 766 3737 jugeris
789 3652 832 3718 ad
853 3659 920 3719 tres
936 3654 1033 3720 ninas
1048 3654 1228 3737 sepulchri:
1245 3655 1279 3718 in
1293 3671 1360 3736 quo
1374 3671 1441 3719 non
1458 3670 1526 3719 una
1542 3670 1620 3718 cum

492 3785 630 3853 corpore
652 3776 802 3838 nostrum
827 3790 947 3840 nomen
966 3773 1155 3856 sepeiietur;
1174 3774 1230 3838 sed
1250 3773 1349 3838 modo
1372 3778 1407 3838 tu
1430 3791 1483 3836 me
1507 3785 1620 3835 amare

493 3906 623 3974 pergas,
646 3890 759 3955 orbem
785 3891 978 3958 universum
1007 3909 1060 3956 me
1091 3891 1180 3955 tama
1210 3907 1444 3965 excursuram,
1467 3894 1499 3953 et
1522 3873 1620 3951 modu

493 4009 580 4074 Deus
609 4007 695 4073 hanc
727 4009 828 4075 animi
860 4010 1133 4093 tranquiiiitatem
1164 4008 1247 4075 mibi
1277 4015 1467 4091 perpetuam
1500 4004 1617 4080 iaciat,

492 4129 605 4193 animo
627 4146 759 4211 quoque
776 4146 829 4195 me
848 4147 977 4213 semper
995 4130 1090 4194 beata
1105 4128 1255 4193 libertate
1277 4126 1456 4193 iruitumm
1478 4120 1620 4189 cenddc.

494 4246 583 4311 Vade.

978 4490 1145 4522 -Q—
