4250 5900
961 711 1063 769 ANNo
1088 697 1174 762 1636
1565 693 1627 758 127

494 853 620 917 dicauit.
643 849 728 926 Ouid
737 864 834 931 porro
845 864 959 913 causae
973 847 1073 910 subsit
1088 862 1147 909 cur
1163 842 1253 926 (cum
1269 841 1433 906 lllustn'ss.
1455 840 1626 906 Ordinibus

494 969 723 1051 pratissimam,
747 975 777 1031 et
792 964 1016 1048 perhonorifice
1039 963 1079 1027 ab
1095 962 1154 1025 illis
1170 970 1328 1043 exceptam
1346 959 1443 1040 {uisse
1459 960 1540 1022 lanc
1557 958 1625 1038 ejus

491 1087 749 1170 propositionem,
774 1103 846 1149 cum
868 1083 1024 1165 sinanlari
1046 1081 1188 1146 omnium
1221 1087 1400 1143 vestrorum
1434 1076 1627 1159 Mopnatnm

494 1204 643 1272 Auctoris
666 1200 931 1270 cmnnundatione
952 1203 988 1266 in
1011 1202 1076 1266 dies
1099 1199 1251 1282 majorem
1268 1199 1303 1260 in
1318 1195 1444 1262 modum
1458 1197 1535 1261 mitti
1548 1214 1626 1261 con-

495 1323 615 1408 firmes)
638 1324 787 1388 nunnus
813 1319 1104 1387 illustrissimorum
1129 1316 1286 1384 Ordinnm
1315 1315 1358 1380 ad
1391 1333 1463 1380 eum
1495 1333 1626 1397 respon-

494 1458 567 1506 sum
587 1441 729 1507 nandum
750 1442 971 1523 comparuerit,
996 1458 1053 1503 nec
1075 1438 1219 1502 diuinare
1248 1452 1393 1518 possum,
1428 1452 1483 1498 nec
1516 1435 1626 1499 multi·

490 1559 637 1641 plicibus,
658 1560 774 1642 onitas
798 1557 876 1624 Nols.
900 1557 1044 1624 Beolium
1067 1557 1227 1621 detentum
1247 1555 1345 1638 [nisse
1379 1554 1455 1628 dicis
1489 1572 1625 1636 occupo-

494 1677 630 1743 tionidus
652 1679 863 1760 acquiesceres
883 1678 934 1743 illo
957 1677 1072 1742 etenim
1095 1673 1112 1761 (
1121 1684 1157 1739 ut
1179 1675 1222 1740 ad
1254 1691 1302 1738 me
1336 1668 1529 1754 scripseras)
1556 1671 1627 1752 iam

493 1814 515 1862 a
541 1815 645 1862 mense
668 1795 851 1863 Nouembris
875 1798 914 1863 ab
937 1795 1167 1862 illustrissimis
1193 1793 1365 1859 Ordinibus
1388 1792 1524 1867 decreto,
1546 1789 1624 1873 auid

489 1914 687 1995 postmodum
721 1922 843 1978 tantam
875 1914 943 1996 ejus
976 1931 1099 1978 maram
1132 1913 1260 1977 causari
1277 1911 1430 1992 potnerit,
1467 1926 1523 1973 nec
1552 1926 1626 1991 per·

494 2030 592 2112 cipio,
625 2047 680 2092 nec
719 2026 883 2094 Illustriss.
921 2027 1066 2104 Grotius,
1100 2031 1153 2093 cui
1185 2027 1416 2110 conjiciendum
1448 2027 1624 2108 relinquis,

491 2148 526 2212 id
548 2149 744 2230 assequitur,⁸
765 2157 810 2213 est
832 2151 915 2213 enim
937 2149 1119 2214 inauditnm
1141 2149 1206 2214 nlla
1227 2166 1292 2213 esse
1314 2148 1454 2230 nepotia,
1476 2164 1557 2229 quae
1578 2155 1623 2211 tot

491 2267 651 2330 niensium
673 2265 808 2329 decursu
830 2266 1090 2331 intermissionem
1112 2266 1252 2349 aliquam
1270 2283 1335 2330 non
1349 2266 1513 2347 recipiant.
1526 2265 1626 2329 Cum·

491 2402 554 2467 que
575 2384 609 2448 id
630 2382 648 2468 (
656 2392 693 2448 nt
709 2402 769 2467 per
793 2395 821 2449 te
836 2385 982 2465 iudicare
1000 2394 1087 2466 potes
1096 2383 1113 2470 )
1134 2384 1223 2449 illum
1245 2385 1355 2449 merito
1372 2360 1561 2467 perplexum
1577 2393 1625 2447 te-

492 2518 567 2566 ssere
600 2499 721 2572 debeat,
756 2501 907 2584 casiaque
941 2503 976 2565 de
1010 2502 1173 2566 verisimili
1202 2502 1348 2585 producti
1382 2502 1477 2583 nujus
1511 2501 1626 2566 silentii

494 2634 593 2682 causa
615 2619 818 2698 coquentem,
851 2635 914 2682 non
948 2618 987 2683 ols
1021 2627 1176 2701 spretum,
1205 2621 1364 2703 parvique
1386 2620 1530 2685 nuditum
1552 2638 1625 2685 mn-

493 2753 571 2809 nus,
594 2743 652 2801 aut
678 2736 754 2819 auia
780 2737 820 2802 als
846 2737 885 2801 iis
905 2739 997 2820 peius
1021 2737 1219 2812 damnatum,
1244 2758 1342 2822 quam
1376 2741 1536 2822 capnitnm
1569 2742 1623 2813 sit,

491 2855 644 2936 quomoda
661 2872 778 2937 quaeso
795 2856 879 2919 inter
897 2857 972 2921 lsaec
991 2856 1089 2922 dubia
1105 2858 1297 2933 ulteriorem,
1311 2877 1409 2941 quam
1432 2859 1529 2922 libens
1555 2859 1625 2940 pol·

492 2976 595 3042 licitsu
617 2978 733 3058 fuerat,
756 2986 785 3042 et
800 2996 897 3060 auam
914 2996 999 3042 nunc
1014 2978 1129 3043 solicite
1145 2981 1264 3061 premis
1284 2981 1352 3060 eius
1373 2980 1493 3044 inuenti
1514 2979 1627 3062 expla-

492 3096 653 3160 nationem
669 3094 710 3159 ot
729 3115 764 3160 eo
782 3104 946 3179 expectare
966 3096 1071 3172 liceat,
1089 3114 1146 3161 nec
1160 3097 1261 3170 uideo,
1273 3115 1330 3163 nec
1345 3098 1498 3172 rationes,
1510 3097 1626 3180 quitus

494 3212 584 3278 iilum
600 3215 690 3280 adid
705 3215 827 3290 isoster,
846 3222 881 3279 ut
898 3215 1023 3289 suades,
1043 3216 1121 3279 miisi
1138 3223 1321 3298 suppetunt,
1344 3217 1438 3282 donec
1467 3216 1627 3282 Illustris·

490 3330 643 3395 duorum
668 3330 826 3395 ordinum
842 3332 884 3396 od
906 3330 994 3396 illum
1016 3349 1165 3415 responso
1187 3332 1312 3407 nolito,
1337 3344 1366 3399 et
1388 3334 1534 3400 donantis
1553 3340 1627 3402 oni·

492 3464 603 3524 mum,
625 3458 653 3513 et
683 3468 749 3515 rem
778 3452 878 3533 ipsam
902 3450 1078 3532 denipniter
1098 3461 1270 3534 acceptam,
1291 3456 1536 3539 penitioremoue
1559 3458 1628 3539 ejus

491 3564 746 3634 dilucidationem
768 3569 811 3634 ad
833 3571 992 3653 nepotium
1015 3571 1259 3653 capuceum,
1281 3583 1311 3637 et
1344 3573 1387 3638 od
1416 3576 1547 3656 prosim
1578 3594 1626 3640 re·

492 3682 667 3750 ducentium
689 3688 793 3769 capeti
814 3686 855 3752 al
883 3688 922 3751 iis
945 3689 1115 3761 resciscat:
1137 3706 1213 3754 nam
1235 3700 1311 3754 tunc
1332 3691 1414 3756 seria
1436 3692 1478 3755 ad
1503 3691 1628 3757 illarum

493 3799 712 3881 celsitudines,
734 3823 950 3889 quaecumque
969 3808 1112 3888 primum
1146 3806 1242 3873 libens
1276 3807 1336 3872 illis
1373 3808 1497 3886 obtulit,
1531 3827 1628 3891 auom

496 3920 649 3986 mmo
683 3924 895 3999 transmittet,
941 3921 1148 4007 Telescopium
1177 3924 1316 3990 uidelicet
1345 3926 1627 4008 perfectissimum,

492 4038 624 4123 simque
646 4040 756 4106 utendi
776 4042 903 4107 modum
925 4061 947 4107 a
969 4059 1001 4106 se
1035 4044 1262 4125 compitorum,
1287 4044 1379 4107 nasis
1412 4044 1448 4107 in
1470 4043 1555 4106 mari
1588 4041 1628 4106 li·

498 4153 637 4222 lectiani
659 4158 917 4233 accomodatume
940 4168 1008 4224 tum
1029 4157 1202 4225 lacialinm
1224 4156 1396 4225 Stellarum
1417 4170 1561 4226 motuum
1574 4159 1630 4225 ols-

492 4275 703 4349 seraationes,
722 4285 752 4339 et
775 4276 925 4358 lorompii
942 4279 1214 4344 accuratissimis
1236 4297 1268 4343 se
1301 4280 1422 4344 inuenti
1452 4278 1628 4361 laddcam,

492 4394 662 4476 memque
683 4396 785 4461 animi
799 4395 928 4472 intimo,
947 4405 976 4461 et
989 4397 1159 4479 penitiores
1176 4416 1315 4463 recessus
1333 4398 1434 4463 cerdis
1460 4408 1491 4468 et
1504 4400 1628 4481 seriptis

498 4526 595 4593 snper
618 4513 678 4578 nae
696 4531 731 4579 re
749 4513 931 4597 explicabit:
945 4532 1018 4578 cnm
1035 4533 1074 4580 ea
1090 4518 1132 4580 sit
1145 4515 1395 4599 philanthropia,
1413 4526 1442 4582 et
1461 4536 1527 4584 non
1545 4535 1628 4599 pau·

496 4627 567 4697 dent
590 4634 750 4710 inuentis,
772 4633 836 4699 nisi
858 4643 1014 4716 qnatenus
1037 4653 1075 4700 ea
1108 4638 1247 4700 duntona
1268 4637 1376 4717 penori
1409 4615 1483 4702 usui
1512 4638 1629 4721 futuro

492 4766 557 4814 esse
583 4753 687 4833 nouit,
708 4772 801 4836 seque
823 4756 961 4822 maciem
984 4756 1041 4821 liae
1064 4773 1116 4839 spe
1138 4754 1271 4834 soletur,
1292 4767 1322 4823 et
1355 4758 1526 4826 substentet
1559 4761 1629 4842 sore
